@article{Schaechter2015,
    title = {{A brief history of bacterial growth physiology}},
    year = {2015},
    journal = {Frontiers in Microbiology},
    author = {Schaechter, Moselio},
    doi = {10.3389/fmicb.2015.00289},
    issn = {1664302X}
}

@article{Baranyi1996,
    title = {{A combined model for growth and subsequent thermal inactivation of Brochothrix thermosphacta}},
    year = {1996},
    journal = {Applied and Environmental Microbiology},
    author = {Baranyi, J. and Jones, A. and Walker, C. and Kaloti, A. and Robinson, T. P. and Mackey, B. M.},
    doi = {10.1128/aem.62.3.1029-1035.1996},
    issn = {00992240}
}

@article{Baranyi1994,
    title = {{A dynamic approach to predicting bacterial growth in food}},
    year = {1994},
    journal = {International Journal of Food Microbiology},
    author = {Baranyi, József and Roberts, Terry A.},
    doi = {10.1016/0168-1605(94)90157-0},
    issn = {01681605},
    pmid = {7873331},
    keywords = {Bacterial growth, Differential equation, Growth rate, Lag}
}

@article{Dormand1980,
    title = {{A family of embedded Runge-Kutta formulae}},
    year = {1980},
    journal = {Journal of Computational and Applied Mathematics},
    author = {Dormand, J. R. and Prince, P. J.},
    number = {1},
    pages = {19--26},
    volume = {6},
    doi = {10.1016/0771-050X(80)90013-3},
    issn = {0771050X}
}

@article{Brandes2001,
    title = {{A faster algorithm for betweenness centrality}},
    year = {2001},
    journal = {Journal of Mathematical Sociology},
    author = {Brandes, Ulrik},
    doi = {10.1080/0022250X.2001.9990249},
    issn = {0022250X},
    keywords = {Algorithms, Betweenness centrality, Social networks}
}

@article{Richards1959,
    title = {{A flexible growth function for empirical use}},
    year = {1959},
    journal = {Journal of Experimental Botany},
    author = {Richards, F. J.},
    doi = {10.1093/jxb/10.2.290},
    issn = {00220957}
}

@article{Rhind2009,
    title = {{A framework for the management of sand dune systems in Wales}},
    year = {2009},
    journal = {Journal of Coastal Conservation},
    author = {Rhind, Peter and Jones, Rod},
    number = {1},
    month = {4},
    pages = {15--23},
    volume = {13},
    url = {https://doi.org/10.1007/s11852-009-0047-x},
    doi = {10.1007/s11852-009-0047-x},
    issn = {1874-7841}
}

@article{Marino2008,
    title = {{A methodology for performing global uncertainty and sensitivity analysis in systems biology}},
    year = {2008},
    journal = {Journal of Theoretical Biology},
    author = {Marino, Simeone and Hogue, Ian B. and Ray, Christian J. and Kirschner, Denise E.},
    number = {1},
    pages = {178--196},
    volume = {254},
    doi = {10.1016/j.jtbi.2008.04.011},
    issn = {00225193},
    pmid = {18572196},
    keywords = {Agent-based model (ABM), Aleatory uncertainty, Epistemic uncertainty, Extended Fourier amplitude sensitivity test (eFAST, Latin hypercube sampling (LHS), Monte Carlo methods, Partial rank correlation coefficient (PRCC), Sensitivity index}
}

@article{Marsland2020,
    title = {{A minimal model for microbial biodiversity can reproduce experimentally observed ecological patterns}},
    year = {2020},
    journal = {Scientific Reports},
    author = {Marsland, Robert and Cui, Wenping and Mehta, Pankaj},
    number = {1},
    pages = {1--17},
    volume = {10},
    publisher = {Springer US},
    url = {http://dx.doi.org/10.1038/s41598-020-60130-2},
    isbn = {4159802060},
    doi = {10.1038/s41598-020-60130-2},
    issn = {20452322},
    arxivId = {1904.12914}
}

@article{Tikhonov2020,
    title = {{A model for the interplay between plastic tradeoffs and evolution in changing environments}},
    year = {2020},
    journal = {Proceedings of the National Academy of Sciences of the United States of America},
    author = {Tikhonov, Mikhail and Kachru, Shamit and Fisher, Daniel S.},
    number = {16},
    pages = {8934--8940},
    volume = {117},
    doi = {10.1073/pnas.1915537117},
    issn = {10916490},
    pmid = {32245811},
    keywords = {Changing environment, Evolution, Performance tradeoff}
}

@article{ALEXANDER2019103650,
    title = {{A multi-taxa functional diversity assessment of the effects of eco-estate development in the mixed land-use mosaic of the KwaZulu-Natal North Coast, South Africa}},
    year = {2019},
    journal = {Landscape and Urban Planning},
    author = {Alexander, Jarryd and Smith, David A Ehlers and Smith, Yvette C Ehlers and Downs, Colleen T},
    pages = {103650},
    volume = {192},
    url = {http://www.sciencedirect.com/science/article/pii/S0169204619302130},
    doi = {https://doi.org/10.1016/j.landurbplan.2019.103650},
    issn = {0169-2046},
    keywords = {Agriculture, Development, Functional divergence, Functional evenness, Functional richness, Land transformation, Multi-taxa, Urbanisation}
}

@article{Pacheco2019,
    title = {{A multidimensional perspective on microbial interactions}},
    year = {2019},
    journal = {FEMS Microbiology Letters},
    author = {Pacheco, Alan R. and Segr{\`{e}}, Daniel},
    number = {11},
    pages = {1--11},
    volume = {366},
    doi = {10.1093/femsle/fnz125},
    issn = {15746968},
    pmid = {31187139},
    keywords = {microbial communities, microbial ecology, microbial interactions, microbiome, mutualism, systems biology of metabolism}
}

@article{Baranyi1993,
    title = {{A non-autonomous differential equation to model bacterial growth}},
    year = {1993},
    journal = {Food Microbiology},
    author = {Baranyi, J. and Roberts, T. A. and McClure, P.},
    doi = {10.1006/fmic.1993.1005},
    issn = {10959998}
}

@article{Hoh2000,
    title = {{A practical kinetic model that considers endproduct inhibition in anaerobic digestion processes by including the equilibrium constant}},
    year = {2000},
    journal = {Biotechnology and Bioengineering},
    author = {Hoh, C. Y. and Cord-Ruwisch, R.},
    number = {5},
    pages = {597--604},
    volume = {51},
    doi = {10.1002/(sici)1097-0290(19960905)51:5<597::aid-bit12>3.0.co;2-f},
    issn = {0006-3592},
    pmid = {18629824}
}

@article{Hoh2000a,
    title = {{A practical kinetic model that considers endproduct inhibition in anaerobic digestion processes by including the equilibrium constant}},
    year = {2000},
    journal = {Biotechnology and Bioengineering},
    author = {Hoh, C. Y. and Cord-Ruwisch, R.},
    doi = {10.1002/(sici)1097-0290(19960905)51:5<597::aid-bit12>3.0.co;2-f},
    issn = {0006-3592},
    pmid = {18629824}
}

@article{Laughlin2012,
    title = {{A predictive model of community assembly that incorporates intraspecific trait variation}},
    year = {2012},
    journal = {Ecology Letters},
    author = {Laughlin, Daniel C. and Joshi, Chaitanya and van Bodegom, Peter M. and Bastow, Zachary A. and Ful{\'{e}}, Peter Z.},
    doi = {10.1111/j.1461-0248.2012.01852.x},
    issn = {1461023X},
    keywords = {Assembly rules, Bark thickness, Environmental filtering, Hierarchical Bayesian model, Limiting similarity, Maximum entropy, Specific leaf area, Trait convergence, Trait divergence, Wood density}
}

@article{Freeman1977,
    title = {{A Set of Measures of Centrality Based on Betweenness}},
    year = {1977},
    journal = {Sociometry},
    author = {Freeman, Linton C.},
    doi = {10.2307/3033543},
    issn = {00380431}
}

@article{Sierocinski2017,
    title = {{A Single Community Dominates Structure and Function of a Mixture of Multiple Methanogenic Communities}},
    year = {2017},
    journal = {Current Biology},
    author = {Sierocinski, Pawel and Milferstedt, Kim and Bayer, Florian and Gro{\ss}kopf, Tobias and Alston, Mark and Bastkowski, Sarah and Swarbreck, David and Hobbs, Phil J. and Soyer, Orkun S. and Hamelin, Jérôme and Buckling, Angus},
    number = {21},
    pages = {3390--3395},
    volume = {27},
    doi = {10.1016/j.cub.2017.09.056},
    issn = {09609822},
    pmid = {29107553},
    keywords = {experimental ecology, methanogenic communities, methanogens, microbial communities, microbial ecology}
}

@article{Angulo2019,
    title = {{A theoretical framework for controlling complex microbial communities}},
    year = {2019},
    journal = {Nature Communications},
    author = {Angulo, Marco Tulio and Moog, Claude H. and Liu, Yang Yu},
    number = {1},
    pages = {1--12},
    volume = {10},
    publisher = {Springer US},
    url = {http://dx.doi.org/10.1038/s41467-019-08890-y},
    doi = {10.1038/s41467-019-08890-y},
    issn = {20411723},
    pmid = {30837457}
}

@article{Logan1976,
    title = {{An analytic model for description of temperature dependent rate phenomena in arthropods}},
    year = {1976},
    journal = {Environmental Entomology},
    author = {Logan, J. A. and Wollkind, D. J. and Hoyt, S. C. and Tanigoshi, L. K.},
    doi = {10.1093/ee/5.6.1133},
    issn = {19382936}
}

@misc{Dethlefsen2007,
    title = {{An ecological and evolutionary perspective on humang-microbe mutualism and disease}},
    year = {2007},
    booktitle = {Nature},
    author = {Dethlefsen, Les and McFall-Ngai, Margaret and Relman, David A.},
    doi = {10.1038/nature06245},
    issn = {14764687},
    pmid = {17943117}
}

@article{Newman2004a,
    title = {{Analysis of weighted networks}},
    year = {2004},
    journal = {Physical Review E - Statistical Physics, Plasmas, Fluids, and Related Interdisciplinary Topics},
    author = {Newman, M. E.J.},
    number = {5},
    pages = {9},
    volume = {70},
    doi = {10.1103/PhysRevE.70.056131},
    issn = {1063651X},
    arxivId = {cond-mat/0407503}
}

@article{Newman2004,
    title = {{Analysis of weighted networks}},
    year = {2004},
    journal = {Physical Review E - Statistical Physics, Plasmas, Fluids, and Related Interdisciplinary Topics},
    author = {Newman, M. E.J.},
    number = {5},
    pages = {9},
    volume = {70},
    doi = {10.1103/PhysRevE.70.056131},
    issn = {1063651X},
    arxivId = {cond-mat/0407503}
}

@article{McFall-Ngai2013,
    title = {{Animals in a bacterial world, a new imperative for the life sciences}},
    year = {2013},
    journal = {Proceedings of the National Academy of Sciences of the United States of America},
    author = {McFall-Ngai, Margaret and Hadfield, Michael G. and Bosch, Thomas C.G. and Carey, Hannah V. and Domazet-Lo{\v{s}}o, Tomislav and Douglas, Angela E. and Dubilier, Nicole and Eberl, Gerard and Fukami, Tadashi and Gilbert, Scott F. and Hentschel, Ute and King, Nicole and Kjelleberg, Staffan and Knoll, Andrew H. and Kremer, Natacha and Mazmanian, Sarkis K. and Metcalf, Jessica L. and Nealson, Kenneth and Pierce, Naomi E. and Rawls, John F. and Reid, Ann and Ruby, Edward G. and Rumpho, Mary and Sanders, Jon G. and Tautz, Diethard and Wernegreen, Jennifer J.},
    number = {9},
    pages = {3229--3236},
    volume = {110},
    doi = {10.1073/pnas.1218525110},
    issn = {00278424},
    pmid = {23391737},
    keywords = {Bacteria-driven development, Bacterial roles animal origins, Microbiome and host physiology, Nested ecosystems, Reciprocal effects animal-bacterial genomics}
}

@article{Davey1991,
    title = {{Applicability of the Davey (linear Arrhenius) predictive model to the lag phase of microbial growth}},
    year = {1991},
    journal = {Journal of Applied Bacteriology},
    author = {Davey, K. R.},
    doi = {10.1111/j.1365-2672.1991.tb02933.x},
    issn = {13652672}
}

@article{RonaldL.Wasserstein,
    title = {{ASA Statement on Statistical Significance and P-Values: Context, Process, and Purpose}},
    year = {2016},
    journal = {The American Statistician},
    author = {Wasserstein, Ronald L. and Lazar, Nicole A.},
    number = {2},
    pages = {129--133},
    volume = {70},
    url = {https://www.tandfonline.com/doi/full/10.1080/00031305.2016.1154108},
    isbn = {0003-1305 1537-2731},
    doi = {10.1080/00031305.2016.1154108},
    issn = {0003-1305},
    pmid = {25246403},
    arxivId = {1011.1669}
}

@article{Koza1997,
    title = {{Automated synthesis of analog electrical circuits by means of genetic programming}},
    year = {1997},
    journal = {IEEE Transactions on Evolutionary Computation},
    author = {Koza, John R. and Bennett, Forrest H. and Andre, David and Keane, Martin A. and Dunlap, Frank},
    doi = {10.1109/4235.687879},
    issn = {1089778X},
    keywords = {Analog circuit synthesis, Design automation, Electrical circuits, Genetic programming}
}

@article{Marsland2019,
    title = {{Available energy fluxes drive a transition in the diversity, stability, and functional structure of microbial communities}},
    year = {2019},
    journal = {PLoS Computational Biology},
    author = {Marsland, Robert and Cui, Wenping and Goldford, Joshua and Sanchez, Alvaro and Korolev, Kirill and Mehta, Pankaj},
    number = {2},
    pages = {e1006793. doi: 10.1371/journal.pcbi.1006793},
    volume = {15},
    doi = {10.1371/journal.pcbi.1006793},
    issn = {15537358},
    arxivId = {1805.12516}
}

@article{Levine2017,
    title = {{Beyond pairwise mechanisms of species coexistence in complex communities}},
    year = {2017},
    journal = {Nature},
    author = {Levine, Jonathan M. and Bascompte, Jordi and Adler, Peter B. and Allesina, Stefano},
    number = {7656},
    pages = {56--64},
    volume = {546},
    doi = {10.1038/nature22898},
    issn = {14764687},
    pmid = {28569813}
}

@article{Shell2007,
    title = {{BibTEX Tips and FAQ}},
    year = {2007},
    journal = {Power},
    author = {Shell, Michael and Hoadley, David},
    number = {January},
    doi = {http://www.ctan.org/tex-archive/biblio/bibtex/contrib/doc/}
}

@article{Liebermeister2006,
    title = {{Bringing metabolic networks to life: Convenience rate law and thermodynamic constraints}},
    year = {2006},
    journal = {Theoretical Biology and Medical Modelling},
    author = {Liebermeister, Wolfram and Klipp, Edda},
    doi = {10.1186/1742-4682-3-41},
    issn = {17424682}
}

@misc{Chen2010,
    title = {{Classic and contemporary approaches to modeling biochemical reactions}},
    year = {2010},
    booktitle = {Genes and Development},
    author = {Chen, William W. and Niepel, Mario and Sorger, Peter K.},
    url = {https://www.ncbi.nlm.nih.gov/pmc/articles/PMC2932968/pdf/1861.pdf},
    doi = {10.1101/gad.1945410},
    issn = {08909369},
    pmid = {20810646},
    keywords = {Enzyme kinetics, ODE modeling, Signal transduction, Systems biology}
}

@article{Servan2018,
    title = {{Coexistence of many species in random ecosystems}},
    year = {2018},
    journal = {Nature Ecology and Evolution},
    author = {Serv{\'{a}}n, Carlos A. and Capit{\'{a}}n, José A. and Grilli, Jacopo and Morrison, Kent E. and Allesina, Stefano},
    doi = {10.1038/s41559-018-0603-6},
    issn = {2397334X},
    pmid = {29988167}
}

@article{Servan2018b,
    title = {{Coexistence of many species in random ecosystems}},
    year = {2018},
    journal = {Nature Ecology and Evolution},
    author = {Serv{\'{a}}n, Carlos A. and Capit{\'{a}}n, José A. and Grilli, Jacopo and Morrison, Kent E. and Allesina, Stefano},
    number = {8},
    pages = {1237--1242},
    volume = {2},
    publisher = {Springer US},
    url = {http://dx.doi.org/10.1038/s41559-018-0603-6},
    doi = {10.1038/s41559-018-0603-6},
    issn = {2397334X},
    pmid = {29988167}
}

@article{Lu2018,
    title = {{Cohesiveness in microbial community coalescence}},
    year = {2018},
    journal = {bioRxiv},
    author = {Lu, Nanxi and Sanchez-gorostiaga, Alicia and Tikhonov, Mikhail and Sanchez, Alvaro},
    pages = {282723 doi: 10.1101/282723},
    doi = {10.1101/282723},
    keywords = {ecological co-selection, microbial community coalescence, microbial invasions}
}

@article{Tikhonov2017,
    title = {{Collective Phase in Resource Competition in a Highly Diverse Ecosystem}},
    year = {2017},
    journal = {Physical Review Letters},
    author = {Tikhonov, Mikhail and Monasson, Remi},
    pages = {doi: 10.1103/PhysRevLett.118.048103},
    volume = {118},
    doi = {10.1103/PhysRevLett.118.048103},
    issn = {10797114}
}

@article{Fukami2011,
    title = {{Community assembly: Alternative stable states or alternative transient states?}},
    year = {2011},
    journal = {Ecology Letters},
    author = {Fukami, Tadashi and Nakajima, Mifuyu},
    doi = {10.1111/j.1461-0248.2011.01663.x},
    issn = {1461023X},
    keywords = {Beta diversity, Biodiversity, Environmental gradients, Historical contingency, Plant-soil feedback, Priority effect, Spatial heterogeneity, Stability, Succession, Transient dynamics}
}

@article{Castledine2020,
    title = {{Community coalescence: An eco-evolutionary perspective}},
    year = {2020},
    journal = {Philosophical transactions of the Royal Society of London. Series B, Biological sciences},
    author = {Castledine, Meaghan and Sierocinski, Pawel and Padfield, Daniel and Buckling, Angus},
    number = {1798},
    pages = {doi: 10.1098/rstb.2019.0252},
    volume = {375},
    doi = {10.1098/rstb.2019.0252},
    issn = {14712970},
    pmid = {32200752},
    keywords = {Community - evolutionary ecology, Community coalescence, Community stability, Competition, Eco-evolution, Niche-packing}
}

@article{doi:10.1890/03-0836,
    title = {{COMMUNITY CONVERGENCE IN DISTURBED SUBTROPICAL DUNE FORESTS}},
    year = {2005},
    journal = {Ecology},
    author = {Wassenaar, T D and van Aarde, R J and Pimm, S L and Ferreira, S M},
    number = {3},
    pages = {655--666},
    volume = {86},
    url = {https://esajournals.onlinelibrary.wiley.com/doi/abs/10.1890/03-0836},
    doi = {10.1890/03-0836},
    keywords = {South Africa, coastal dune forests, community organization, convergence, ecological restoration, mining, resilience}
}

@article{Friedman2017,
    title = {{Community structure follows simple assembly rules in microbial microcosms}},
    year = {2017},
    journal = {Nature Ecology and Evolution},
    author = {Friedman, Jonathan and Higgins, Logan M. and Gore, Jeff},
    number = {5},
    pages = {41559--017},
    volume = {1},
    doi = {10.1038/s41559-017-0109},
    issn = {2397334X}
}

@article{Friedman2017b,
    title = {{Community structure follows simple assembly rules in microbial microcosms}},
    year = {2017},
    journal = {Nature Ecology and Evolution},
    author = {Friedman, Jonathan and Higgins, Logan M. and Gore, Jeff},
    number = {5},
    pages = {1--7},
    volume = {1},
    publisher = {Macmillan Publishers Limited, part of Springer Nature.},
    url = {http://dx.doi.org/10.1038/s41559-017-0109},
    doi = {10.1038/s41559-017-0109},
    issn = {2397334X},
    pmid = {28812687}
}

@article{Tikhonov2016,
    title = {{Community-level cohesion without cooperation}},
    year = {2016},
    journal = {eLife},
    author = {Tikhonov, Mikhail},
    pages = {e15747. doi: 10.7554/eLife.15747},
    volume = {5},
    doi = {10.7554/eLife.15747},
    issn = {2050084X},
    arxivId = {1506.01752}
}

@article{Gilpin1994,
    title = {{Community-level competition: Asymmetrical dominance}},
    year = {1994},
    journal = {Proceedings of the National Academy of Sciences of the United States of America},
    author = {Gilpin, Michael},
    number = {8},
    pages = {3252--3254},
    volume = {91},
    doi = {10.1073/pnas.91.8.3252},
    issn = {00278424},
    pmid = {8159734},
    keywords = {Lotka-Volterra competition, community assembly, faunal mixing}
}

@article{Tantardini2019,
    title = {{Comparing methods for comparing networks}},
    year = {2019},
    journal = {Scientific Reports},
    author = {Tantardini, Mattia and Ieva, Francesca and Tajoli, Lucia and Piccardi, Carlo},
    doi = {10.1038/s41598-019-53708-y},
    issn = {20452322},
    pmid = {31772246}
}

@article{Papin2004,
    title = {{Comparison of network-based pathway analysis methods}},
    year = {2004},
    journal = {Trends in Biotechnology},
    author = {Papin, Jason A. and Stelling, Joerg and Price, Nathan D. and Klamt, Steffen and Schuster, Stefan and Palsson, Bernhard O.},
    url = {https://sci-hub.tw/10.1016/j.tibtech.2004.06.010},
    doi = {10.1016/j.tibtech.2004.06.010},
    issn = {01677799}
}

@article{Adair1989,
    title = {{Comparison of the Schoolfield (non-linear Arrhenius) model and the Square Root model for predicting bacterial growth in foods}},
    year = {1989},
    journal = {Food Microbiology},
    author = {Adair, C. and Kilsby, D. C. and Whittall, P. T.},
    url = {https://sci-hub.tw/10.1016/s0740-0020(89)80033-4},
    doi = {10.1016/S0740-0020(89)80033-4},
    issn = {10959998}
}

@article{Foster2012,
    title = {{Competition, not cooperation, dominates interactions among culturable microbial species}},
    year = {2012},
    journal = {Current Biology},
    author = {Foster, Kevin R. and Bell, Thomas},
    doi = {10.1016/j.cub.2012.08.005},
    issn = {09609822}
}

@article{Freilich2011,
    title = {{Competitive and cooperative metabolic interactions in bacterial communities}},
    year = {2011},
    journal = {Nature Communications},
    author = {Freilich, Shiri and Zarecki, Raphy and Eilam, Omer and Segal, Ella Shtifman and Henry, Christopher S. and Kupiec, Martin and Gophna, Uri and Sharan, Roded and Ruppin, Eytan},
    number = {1},
    volume = {2},
    publisher = {Nature Publishing Group},
    doi = {10.1038/ncomms1597},
    issn = {20411723},
    pmid = {22158444}
}

@article{Riviere2018,
    title = {{Complementary mechanisms for degradation of inulin-type fructans and arabinoxylan oligosaccharides among bifidobacterial strains suggest bacterial cooperation}},
    year = {2018},
    journal = {Applied and Environmental Microbiology},
    author = {Rivi{\`{e}}re, Audrey and Selak, Marija and Geirnaert, Annelies and Van den Abbeele, Pieter and De Vuyst, Luc},
    number = {9},
    pages = {1--16},
    volume = {84},
    doi = {10.1128/AEM.02893-17},
    issn = {10985336},
    pmid = {29500265},
    keywords = {Arabinoxylan oligosaccharides, Bifidobacteria, Colon fermentation, Inulin-type fructans, Prebiotics}
}

@article{Pacheco2019a,
    title = {{Costless metabolic secretions as drivers of interspecies interactions in microbial ecosystems}},
    year = {2019},
    journal = {Nature Communications},
    author = {Pacheco, Alan R. and Moel, Mauricio and Segr{\`{e}}, Daniel},
    number = {1},
    volume = {10},
    publisher = {Springer US},
    url = {http://dx.doi.org/10.1038/s41467-018-07946-9},
    doi = {10.1038/s41467-018-07946-9},
    issn = {20411723},
    pmid = {30626871}
}

@misc{Bascompte2009,
    title = {{Disentangling the web of life}},
    year = {2009},
    booktitle = {Science},
    author = {Bascompte, Jordi},
    doi = {10.1126/science.1170749},
    issn = {00368075}
}

@article{Goyal2018,
    title = {{Diversity, Stability, and Reproducibility in Stochastically Assembled Microbial Ecosystems}},
    year = {2018},
    journal = {Physical Review Letters},
    author = {Goyal, Akshit and Maslov, Sergei},
    number = {15},
    pages = {158102. doi: 10.1103/PhysRevLett.120.158102},
    volume = {120},
    doi = {10.1103/PhysRevLett.120.158102},
    issn = {10797114},
    arxivId = {1711.00755}
}

@article{Goyal2018a,
    title = {{Diversity, Stability, and Reproducibility in Stochastically Assembled Microbial Ecosystems}},
    year = {2018},
    journal = {Physical Review Letters},
    author = {Goyal, Akshit and Maslov, Sergei},
    doi = {10.1103/PhysRevLett.120.158102},
    issn = {10797114},
    arxivId = {1711.00755}
}

@article{Einstein1905,
    title = {{Does the inertia of a body depend upon its energy-content}},
    year = {1905},
    journal = {Annalen der Physik},
    author = {Einstein, Albert}
}

@article{Pacciani-Mori2020a,
    title = {{Dynamic metabolic adaptation can promote species coexistence in competitive microbial communities}},
    year = {2020},
    journal = {PLoS Computational Biology},
    author = {Pacciani-Mori, Leonardo and Giometto, Andrea and Suweis, Samir and Maritan, Amos},
    number = {5},
    pages = {1--18},
    volume = {16},
    url = {http://dx.doi.org/10.1371/journal.pcbi.1007896},
    isbn = {1111111111},
    doi = {10.1371/journal.pcbi.1007896},
    issn = {15537358},
    pmid = {32379752}
}

@article{Roos2020,
    title = {{Dynamic population stage-structure stabilizes complex ecological communities}},
    year = {2020},
    journal = {bioRxiv Ecology},
    author = {Roos, Andre M de},
    url = {http://biorxiv.org/cgi/content/short/2020.06.27.174755v1?rss=1&utm_source=researcher_app&utm_medium=referral&utm_campaign=RESR_MRKT_Researcher_inbound},
    doi = {10.1101/2020.06.27.174755}
}

@article{Coyte2021,
    title = {{Ecological rules for the assembly of microbiome communities}},
    year = {2021},
    author = {Coyte, Katharine Z and Rao, Chitong and Rakoff-nahoum, Seth and Foster, Kevin R.},
    number = {2},
    pages = {e3001116},
    volume = {19},
    url = {http://dx.doi.org/10.1371/journal.pbio.3001116},
    isbn = {1111111111},
    doi = {10.1371/journal.pbio.3001116}
}

@article{Klitgord2011,
    title = {{Ecosystems biology of microbial metabolism}},
    year = {2011},
    journal = {Current Opinion in Biotechnology},
    author = {Klitgord, Niels and Segr{\`{e}}, Daniel},
    number = {4},
    pages = {541--546},
    volume = {22},
    doi = {10.1016/j.copbio.2011.04.018},
    issn = {09581669},
    pmid = {21592777}
}

@article{Cui2020,
    title = {{Effect of Resource Dynamics on Species Packing in Diverse Ecosystems}},
    year = {2020},
    journal = {Physical Review Letters},
    author = {Cui, Wenping and Marsland, Robert and Mehta, Pankaj},
    number = {4},
    pages = {048101. doi: 10.1103/physrevlett.125.048101},
    volume = {125},
    doi = {10.1103/physrevlett.125.048101},
    issn = {0031-9007}
}

@article{Calderon2017,
    title = {{Effectiveness of ecological rescue for altered soil microbial communities and functions}},
    year = {2017},
    journal = {ISME Journal},
    author = {Calder{\'{o}}n, Kadiya and Spor, Aymé and Breuil, Marie Christine and Bru, David and Bizouard, Florian and Violle, Cyrille and Barnard, Romain L. and Philippot, Laurent},
    pages = {272–283. doi: 10.1038/ismej.2016.86},
    volume = {11},
    doi = {10.1038/ismej.2016.86}
}

@article{Calderon2017b,
    title = {{Effectiveness of ecological rescue for altered soil microbial communities and functions}},
    year = {2017},
    journal = {ISME Journal},
    author = {Calder{\'{o}}n, Kadiya and Spor, Aymé and Breuil, Marie Christine and Bru, David and Bizouard, Florian and Violle, Cyrille and Barnard, Romain L. and Philippot, Laurent},
    doi = {10.1038/ismej.2016.86},
    issn = {17517370},
    pmid = {27341455}
}

@article{Sivonen1990,
    title = {{Effects of light, temperature, nitrate, orthophosphate, and bacteria on growth of and hepatotoxin production by Oscillatoria agardhii strains}},
    year = {1990},
    journal = {Applied and Environmental Microbiology},
    author = {Sivonen, K.},
    doi = {10.1128/aem.56.9.2658-2666.1990},
    issn = {00992240},
    pmid = {2125814}
}

@misc{Rivett2018,
    title = {{Elevated success of multispecies bacterial invasions impacts community composition during ecological succession}},
    year = {2018},
    booktitle = {Ecology Letters},
    author = {Rivett, Damian W. and Jones, Matt L. and Ramoneda, Josep and Mombrikotb, Shorok B. and Ransome, Emma and Bell, Thomas},
    doi = {10.1111/ele.12916},
    issn = {14610248},
    keywords = {Bacteria, Invasion, community assembly, community stability, next generation sequencing, species sorting, timing}
}

@misc{Rivett2018a,
    title = {{Elevated success of multispecies bacterial invasions impacts community composition during ecological succession}},
    year = {2018},
    booktitle = {Ecology Letters},
    author = {Rivett, Damian W. and Jones, Matt L. and Ramoneda, Josep and Mombrikotb, Shorok B. and Ransome, Emma and Bell, Thomas},
    doi = {10.1111/ele.12916},
    issn = {14610248},
    pmid = {29446215},
    keywords = {Bacteria, Invasion, community assembly, community stability, next generation sequencing, species sorting, timing}
}

@article{Wintermute2010,
    title = {{Emergent cooperation in microbial metabolism}},
    year = {2010},
    journal = {Molecular Systems Biology},
    author = {Wintermute, Edwin H. and Silver, Pamela A.},
    number = {407},
    pages = {1--7},
    volume = {6},
    publisher = {Nature Publishing Group},
    url = {http://dx.doi.org/10.1038/msb.2010.66},
    doi = {10.1038/msb.2010.66},
    issn = {17444292},
    pmid = {20823845},
    keywords = {co-culture, cooperation, flux balance analysis, metabolism, mutualism}
}

@article{Goldford2018,
    title = {{Emergent simplicity in microbial community assembly}},
    year = {2018},
    journal = {Science},
    author = {Goldford, Joshua E. and Lu, Nanxi and Baji{\'{c}}, Djordje and Estrela, Sylvie and Tikhonov, Mikhail and Sanchez-Gorostiaga, Alicia and Segr{\`{e}}, Daniel and Mehta, Pankaj and Sanchez, Alvaro},
    number = {6401},
    pages = {469--474},
    volume = {361},
    doi = {10.1126/science.aat1168},
    issn = {10959203},
    pmid = {30072533}
}

@article{Schink1997,
    title = {{Energetics of syntrophic cooperation in methanogenic degradation.}},
    year = {1997},
    journal = {Microbiology and molecular biology reviews : MMBR},
    author = {Schink, B},
    pages = {262--280},
    volume = {61},
    doi = {10.1128/.61.2.262-280.1997},
    issn = {1092-2172},
    pmid = {9184013}
}

@article{Zivieri2018,
    title = {{Entropy density acceleration and minimum dissipation principle: Correlation with heat and matter transfer in glucose catabolism}},
    year = {2018},
    journal = {Entropy},
    author = {Zivieri, Roberto and Pacini, Nicola},
    doi = {10.3390/e20120929},
    issn = {10994300},
    keywords = {Cancer biology, Entropy acceleration, Entropy generation, Glucose catabolism, Heat transfer, Irreversible reactions, Matter transfer, Minimum energy dissipation principle, Stem cell biology}
}

@article{Wiesner2012,
    title = {{Environments that Induce Synthetic Microbial Ecosystems}},
    year = {2012},
    journal = {PloS one},
    author = {Wiesner, Christiane and Vliet, Vanessa Van and Butt, Elke and Pavensta, Hermann and Sto, Miriam and Linder, Stefan and Kremerskothen, Joachim},
    number = {4},
    pages = {1--10},
    volume = {7},
    doi = {10.1371/Citation}
}

@article{VantHoff2010,
    title = {{Etudes de dynamique chimique}},
    year = {2010},
    journal = {Recueil des Travaux Chimiques des Pays-Bas},
    author = {van't Hoff, M. J. H.},
    doi = {10.1002/recl.18840031003}
}

@article{Valik2013,
    title = {{Evaluation of temperature effect on growth rate of Lactobacillus rhamnosus GG in milk using secondary models}},
    year = {2013},
    journal = {Chemical Papers},
    author = {Val{\'{i}}k, Äubomír and Medveďov{\'{a}}, Alžbeta and {\v{C}}i{\v{z}}niar, Michal and Lipt{\'{a}}kov{\'{a}}, Denisa},
    doi = {10.2478/s11696-013-0365-1},
    issn = {03666352},
    keywords = {L. rhamnosus GG, growth modelling, temperature}
}

@article{Hansen2007,
    title = {{Evolution of species interactions in a biofilm community}},
    year = {2007},
    journal = {Nature},
    author = {Hansen, Susse Kirkelund and Rainey, Paul B. and Haagensen, Janus A.J. and Molin, Søren},
    number = {7127},
    pages = {533–536},
    volume = {445},
    doi = {10.1038/nature05514},
    issn = {14764687}
}

@article{Mcintire2014,
    title = {{Facilitation as a ubiquitous driver of biodiversity}},
    year = {2014},
    journal = {New Phytologist},
    author = {Mcintire, Eliot J.B. and Fajardo, Alex},
    number = {2},
    pages = {403--416},
    volume = {201},
    doi = {10.1111/nph.12478},
    issn = {0028646X},
    keywords = {Biodiversity, Coexistence, Facilitation, Intransitive competition, Plant functional traits, Positive interactions, Resource sharing, Stress gradient hypothesis (SGH)}
}

@article{Blondel2008,
    title = {{Fast unfolding of communities in large networks}},
    year = {2008},
    journal = {Journal of Statistical Mechanics: Theory and Experiment},
    author = {Blondel, Vincent D. and Guillaume, Jean Loup and Lambiotte, Renaud and Lefebvre, Etienne},
    number = {10},
    volume = {2008},
    doi = {10.1088/1742-5468/2008/10/P10008},
    issn = {17425468},
    arxivId = {0803.0476},
    keywords = {Networks, New applications of statistical mechanics, Random graphs}
}

@article{Wang2019,
    title = {{Fecal microbiota transplantation: Review and update}},
    year = {2019},
    journal = {Journal of the Formosan Medical Association},
    author = {Wang, Jiunn Wei and Kuo, Chao Hung and Kuo, Fu Chen and Wang, Yao Kuang and Hsu, Wen Hung and Yu, Fang Jung and Hu, Huang Ming and Hsu, Ping I. and Wang, Jaw Yuan and Wu, Deng Chyang},
    number = {1},
    pages = {S23-S31. doi: 10.1016/j.jfma.2018.08.011},
    volume = {118},
    doi = {10.1016/j.jfma.2018.08.011},
    issn = {18760821},
    keywords = {Fecal microbiota transplantation, Intestinal microbiota}
}

@article{Clauset2004,
    title = {{Finding community structure in very large networks}},
    year = {2004},
    journal = {Physical Review E - Statistical Physics, Plasmas, Fluids, and Related Interdisciplinary Topics},
    author = {Clauset, Aaron and Newman, M. E.J. and Moore, Cristopher},
    number = {6},
    pages = {6},
    volume = {70},
    doi = {10.1103/PhysRevE.70.066111},
    issn = {1063651X},
    pmid = {15697438},
    arxivId = {cond-mat/0408187}
}

@article{Ebenhh2009,
    title = {{Functional classification of Genome-scale metabolic networks}},
    year = {2009},
    journal = {Eurasip Journal on Bioinformatics and Systems Biology},
    author = {Ebenhh, Oliver and Handorf, Thomas},
    number = {February},
    volume = {2009},
    doi = {10.1155/2009/570456},
    issn = {16874145}
}

@inproceedings{Kannappan2008,
    title = {{Galaxy Gas Fractions, Characteristic Mass Scales, and the {\{}RESOLVE{\}} Survey}},
    year = {2008},
    booktitle = {{\{}AIP{\}} Conference Proceedings},
    author = {Kannappan, Sheila J and Wei, Lisa H and Minchin, Robert and Momjian, Emmanuel},
    publisher = {AIP},
    doi = {10.1063/1.2973572}
}

@book{Wickham2016,
    title = {{ggplot2 Elegant Graphics for Data Analysis}},
    year = {2016},
    booktitle = {Journal of the Royal Statistical Society: Series A (Statistics in Society)},
    author = {Wickham, Hadley},
    isbn = {978-3-319-24275-0},
    doi = {10.1007/978-3-319-24277-4},
    issn = {09641998}
}

@article{Sung2017,
    title = {{Global metabolic interaction network of the human gut microbiota for context-specific community-scale analysis}},
    year = {2017},
    journal = {Nature Communications},
    author = {Sung, Jaeyun and Kim, Seunghyeon and Cabatbat, Josephine Jill T. and Jang, Sungho and Jin, Yong Su and Jung, Gyoo Yeol and Chia, Nicholas and Kim, Pan Jun},
    pages = {1--12},
    volume = {8},
    publisher = {Nature Publishing Group},
    url = {http://dx.doi.org/10.1038/ncomms15393},
    doi = {10.1038/ncomms15393},
    issn = {20411723},
    pmid = {28585563}
}

@article{Almaas2004,
    title = {{Global organization of the metabolic fluxes in the bacterium}},
    year = {2004},
    journal = {Escherichia coli Nature},
    author = {Almaas, E and Kov{\'{a}}cs, B and Vicsek, T},
    pages = {839--843},
    volume = {270},
    url = {http://scholar.google.com/scholar?hl=zh-CN&q=作者%3A%22T+Vicsek%22&btnG=搜索&lr=&as_ylo=2004&as_yhi=2004&as_vis=0#7}
}

@article{Bae2014,
    title = {{Growth characteristics and biofilm formation of various spoilage bacteria isolated from fresh produce}},
    year = {2014},
    journal = {Journal of Food Science},
    author = {Bae, Young Min and Zheng, Ling and Hyun, Jeong Eun and Jung, Kyu Seok and Heu, Sunggi and Lee, Sun Young},
    doi = {10.1111/1750-3841.12644},
    issn = {17503841},
    keywords = {Biofilm, Growth, Hydrophobicity, Spoilage bacteria, Temperature}
}

@article{Gill1991,
    title = {{Growth of Escherichia coli and Salmonella typhimurium on high-pH beef packed under vacuum or carbon dioxide}},
    year = {1991},
    journal = {International Journal of Food Microbiology},
    author = {Gill, C. O. and DeLacy, K. M.},
    doi = {10.1016/0168-1605(91)90132-9},
    issn = {01681605},
    keywords = {Beef, high-pH, CO2 pack, Escherichia coli, Salmonella typhimurium, Temperature abuse, Vacuum pack}
}

@article{INGRAHAM1958,
    title = {{Growth of psychrophilic bacteria}},
    year = {1958},
    journal = {Journal of bacteriology},
    author = {INGRAHAM, J. L.},
    doi = {10.1128/jb.76.1.75-80.1958},
    issn = {00219193},
    pmid = {13563393},
    keywords = {ESCHERICHIA COLI, PSEUDOMONAS, TEMPERATURE/effects}
}

@article{DeLong2018,
    title = {{Habitat, latitude and body mass influence the temperature dependence of metabolic rate}},
    year = {2018},
    journal = {Biology Letters},
    author = {DeLong, J. P. and Bachman, G. and Gibert, J. P. and Luhring, T. M. and Montooth, K. L. and Neyer, A. and Reed, B.},
    doi = {10.1098/rsbl.2018.0442},
    issn = {1744957X},
    keywords = {Climate adaptation, Colder is better, Hotter is better, Metabolic cold adaptation, Metabolic rate}
}

@article{Ravasz2002,
    title = {{Hierarchical organization of modularity in metabolic networks}},
    year = {2002},
    journal = {Science},
    author = {Ravasz, E. and Somera, A. L. and Mongru, D. A. and Oltvai, Z. N. and Barab{\'{a}}si, A. L.},
    number = {5586},
    pages = {1551--1555},
    volume = {297},
    doi = {10.1126/science.1073374},
    issn = {00368075},
    pmid = {12202830}
}

@article{Henry2010,
    title = {{High-throughput generation, optimization and analysis of genome-scale metabolic models}},
    year = {2010},
    journal = {Nature Biotechnology},
    author = {Henry, Christopher S. and Dejongh, Matthew and Best, Aaron A. and Frybarger, Paul M. and Linsay, Ben and Stevens, Rick L.},
    number = {9},
    pages = {977--982},
    volume = {28},
    publisher = {Nature Publishing Group},
    doi = {10.1038/nbt.1672},
    issn = {10870156},
    pmid = {20802497}
}

@article{Grilli2017,
    title = {{Higher-order interactions stabilize dynamics in competitive network models}},
    year = {2017},
    journal = {Nature},
    author = {Grilli, Jacopo and Barab{\'{a}}s, György and Michalska-Smith, Matthew J. and Allesina, Stefano},
    doi = {10.1038/nature23273},
    issn = {14764687}
}

@article{Toquenaga1997,
    title = {{Historicity of a simple competition model}},
    year = {1997},
    journal = {Journal of Theoretical Biology},
    author = {Toquenaga, Yukihiko},
    number = {2},
    pages = {175--181},
    volume = {187},
    doi = {10.1006/jtbi.1997.0428},
    issn = {00225193}
}

@article{Lactin1995,
    title = {{Improved rate model of temperature-dependent development by arthropods}},
    year = {1995},
    journal = {Environmental Entomology},
    author = {Lactin, D. J. and Holliday, N. J. and Johnson, D. L. and Craigen, R.},
    doi = {10.1093/ee/24.1.68},
    issn = {0046225X}
}

@article{Cappellari2017,
    title = {{Improving the full spectrum fitting method: Accurate convolution with Gauss-Hermite functions}},
    year = {2017},
    journal = {Monthly Notices of the Royal Astronomical Society},
    author = {Cappellari, Michele},
    doi = {10.1093/mnras/stw3020},
    issn = {13652966},
    keywords = {Galaxies: kinematics and dynamics, Techniques: radial velocities, Techniques: spectroscopic}
}

@article{Cappellari2016,
    title = {{Improving the full spectrum fitting method: accurate convolution with Gauss{\{}{\textbackslash}textendash{\}}Hermite functions}},
    year = {2016},
    journal = {Monthly Notices of the Royal Astronomical Society},
    author = {Cappellari, Michele},
    number = {1},
    month = {11},
    pages = {798--811},
    volume = {466},
    publisher = {Oxford University Press ({\{}OUP{\}})},
    doi = {10.1093/mnras/stw3020}
}

@article{Medlock2018,
    title = {{Inferring Metabolic Mechanisms of Interaction within a Defined Gut Microbiota}},
    year = {2018},
    journal = {Cell Systems},
    author = {Medlock, Gregory L. and Carey, Maureen A. and McDuffie, Dennis G. and Mundy, Michael B. and Giallourou, Natasa and Swann, Jonathan R. and Kolling, Glynis L. and Papin, Jason A.},
    doi = {10.1016/j.cels.2018.08.003},
    issn = {24054720},
    pmid = {30195437},
    keywords = {emergent behavior, interspecies interactions, mathematical modeling, metabolic cross-feeding, metabolism, microbial community, microbial ecology, microbiome, microbiota, systems biology}
}

@article{Tikhonov2018,
    title = {{Innovation Rather than Improvement: A Solvable High-Dimensional Model Highlights the Limitations of Scalar Fitness}},
    year = {2018},
    journal = {Journal of Statistical Physics},
    author = {Tikhonov, Mikhail and Monasson, Remi},
    number = {1},
    pages = {74--104},
    volume = {172},
    publisher = {Springer US},
    url = {https://doi.org/10.1007/s10955-018-1956-6},
    doi = {10.1007/s10955-018-1956-6},
    issn = {00224715},
    arxivId = {1708.05453},
    keywords = {Ecology, Evolution, High diversity, Replica theory}
}

@article{Rillig2015,
    title = {{Interchange of entire communities: Microbial community coalescence}},
    year = {2015},
    journal = {Trends in Ecology and Evolution},
    author = {Rillig, Matthias C. and Antonovics, Janis and Caruso, Tancredi and Lehmann, Anika and Powell, Jeff R. and Veresoglou, Stavros D. and Verbruggen, Erik},
    number = {8},
    pages = {470--476},
    volume = {30},
    doi = {10.1016/j.tree.2015.06.004},
    issn = {01695347},
    pmid = {26111582},
    keywords = {Biodiversity, Communities, Community coalescence, Environment, Global change, Metacommunity, Mixing, Networks}
}

@article{Peleg2009,
    title = {{Isothermal and non-isothermal kinetic models of chemical processes in foods governed by competing mechanisms}},
    year = {2009},
    journal = {Journal of Agricultural and Food Chemistry},
    author = {Peleg, Micha and Corradini, Maria G. and Normand, Mark D.},
    doi = {10.1021/jf9012423},
    issn = {00218561},
    keywords = {Acrylamide, Competing reactions, Growth and mortality, Kinetics, Lipid oxidation, Peak concentration, Wolfram demonstration project}
}

@article{Pearson1901,
    title = {{LIII. On lines and planes of closest fit to systems of points in space}},
    year = {1901},
    journal = {The London, Edinburgh, and Dublin Philosophical Magazine and Journal of Science},
    author = {Pearson, Karl},
    doi = {10.1080/14786440109462720},
    issn = {1941-5982}
}

@article{Newville2014,
    title = {{LMFIT: Non-Linear Least-Square Minimization and Curve-Fitting for Python}},
    year = {2014},
    journal = {Zenodo},
    author = {Newville, Matthew and Ingargiola, Antonino and Stensitzki, Till and Allen, Daniel B.},
    doi = {10.5281/ZENODO.11813},
    keywords = {curve, fitting, linear least, non, python, squares optimization}
}

@misc{DeJong2017,
    title = {{Mathematical modelling of microbes: Metabolism, gene expression and growth}},
    year = {2017},
    booktitle = {Journal of the Royal Society Interface},
    author = {De Jong, Hidde and Casagranda, Stefano and Giordano, Nils and Cinquemani, Eugenio and Ropers, Delphine and Geiselmann, Johannes and Gouz{\'{e}}, Jean Luc},
    url = {https://royalsocietypublishing.org/doi/pdf/10.1098/rsif.2017.0502},
    doi = {10.1098/rsif.2017.0502},
    issn = {17425662},
    keywords = {Mathematical modelling, Metabolic and gene regulatory networks, Microbial growth, Systems biology}
}

@book{Keener2008,
    title = {{Mathematical Physiology}},
    year = {1998},
    booktitle = {Springer, New York},
    author = {Keener, James P and Sneyd, James},
    isbn = {9780387793870},
    doi = {10.1007/978-0-387-79388-7},
    issn = {9780387877075},
    pmid = {2141518},
    arxivId = {1406.6401}
}

@incollection{Schiraldi2014,
    title = {{Mesophilic Organisms}},
    year = {2014},
    booktitle = {Encyclopedia of Membranes},
    author = {Schiraldi, Chiara and De Rosa, Mario},
    doi = {10.1007/978-3-642-40872-4{\_}1610-2}
}

@article{Goyal2018c,
    title = {{Metabolic adaptations underlying genome flexibility in prokaryotes}},
    year = {2018},
    journal = {PLoS Genetics},
    author = {Goyal, Akshit},
    number = {10},
    pages = {1--15},
    volume = {14},
    isbn = {1111111111},
    doi = {10.1371/journal.pgen.1007763},
    issn = {15537404},
    pmid = {30372443}
}

@article{Stolyar2007,
    title = {{Metabolic modeling of a mutualistic microbial community}},
    year = {2007},
    journal = {Molecular Systems Biology},
    author = {Stolyar, Sergey and Van Dien, Steve and Hillesland, Kristina Linnea and Pinel, Nicolas and Lie, Thomas J. and Leigh, John A. and Stahl, David A.},
    number = {92},
    pages = {1--14},
    volume = {3},
    doi = {10.1038/msb4100131},
    issn = {17444292},
    pmid = {17353934},
    keywords = {Desulfovibrio, Flux-balance modeling, Interspecies hydrogen transfer, Methanococcus, Syntrophy}
}

@article{Unrean2011,
    title = {{Metabolic networks evolve towards states of maximum entropy production}},
    year = {2011},
    journal = {Metabolic Engineering},
    author = {Unrean, Pornkamol and Srienc, Friedrich},
    url = {https://scihub.bban.top/10.1016/j.ymben.2011.08.003},
    doi = {10.1016/j.ymben.2011.08.003},
    issn = {10967176},
    keywords = {Boltzmann distribution law, Elementary Mode Analysis, Entropy, Metabolic evolution}
}

@misc{Estrela2020,
    title = {{Metabolic rules of microbial community assembly}},
    year = {2020},
    booktitle = {bioRxiv},
    author = {Estrela, Sylvie and Vila, Jean C.C. and Lu, Nanxi and Bajic, Djordje and Rebolleda-Gomez, Maria and Chang, Chang Yu and Sanchez, Alvaro},
    doi = {10.1101/2020.03.09.984278},
    issn = {26928205}
}

@article{Bernhardt2018,
    title = {{Metabolic theory and the temperature-size rule explain the temperature dependence of population carrying capacity}},
    year = {2018},
    journal = {American Naturalist},
    author = {Bernhardt, Joey R. and Sunday, Jennifer M. and O’connor, Mary I.},
    doi = {10.1086/700114},
    issn = {00030147},
    keywords = {Body size, Carrying capacity, Metabolic scaling theory, Metabolism, Photosynthesis, Temperature}
}

@article{Posfai2017,
    title = {{Metabolic Trade-Offs Promote Diversity in a Model Ecosystem}},
    year = {2017},
    journal = {Physical Review Letters},
    author = {Posfai, Anna and Taillefumier, Thibaud and Wingreen, Ned S.},
    number = {2},
    pages = {1--5},
    volume = {118},
    doi = {10.1103/PhysRevLett.118.028103},
    issn = {10797114},
    pmid = {28128613}
}

@article{Pascual-Garcia2020,
    title = {{Metabolically cohesive microbial consortia and ecosystem functioning}},
    year = {2020},
    journal = {Philosophical Transactions of the Royal Society B: Biological Sciences},
    author = {Pascual-Garc{\'{i}}a, Alberto and Bonhoeffer, Sebastian and Bell, Thomas},
    number = {1798},
    pages = {0190245. doi: 10.1098/rstb.2019.0245},
    volume = {375},
    doi = {10.1098/rstb.2019.0245},
    issn = {14712970},
    pmid = {32200744},
    keywords = {Ecosystem functioning, Functional groups, Metabolism, Microbial ecology}
}

@article{Niehaus2019,
    title = {{Microbial coexistence through chemical-mediated interactions}},
    year = {2019},
    journal = {Nature Communications},
    author = {Niehaus, Lori and Boland, Ian and Liu, Minghao and Chen, Kevin and Fu, David and Henckel, Catherine and Chaung, Kaitlin and Miranda, Suyen Espinoza and Dyckman, Samantha and Crum, Matthew and Dedrick, Sandra and Shou, Wenying and Momeni, Babak},
    number = {1},
    volume = {10},
    publisher = {Springer US},
    url = {http://dx.doi.org/10.1038/s41467-019-10062-x},
    isbn = {4146701910},
    doi = {10.1038/s41467-019-10062-x},
    issn = {20411723},
    pmid = {31053707}
}

@article{Rillig2016,
    title = {{Microbial community coalescence for microbiome engineering}},
    year = {2016},
    journal = {Frontiers in Microbiology},
    author = {Rillig, Matthias C. and Tsang, Alia and Roy, Julien},
    pages = {1967. doi: 10.3389/fmicb.2016.01967},
    volume = {7},
    doi = {10.3389/fmicb.2016.01967},
    issn = {1664302X},
    keywords = {Community coalescence, Community ecology, Engineering, Host-mediated microbiome selection, Microbiome}
}

@misc{Rillig2016a,
    title = {{Microbial community coalescence for microbiome engineering}},
    year = {2016},
    booktitle = {Frontiers in Microbiology},
    author = {Rillig, Matthias C. and Tsang, Alia and Roy, Julien},
    doi = {10.3389/fmicb.2016.01967},
    issn = {1664302X},
    keywords = {Community coalescence, Community ecology, Engineering, Host-mediated microbiome selection, Microbiome}
}

@article{Taillefumier2017,
    title = {{Microbial consortia at steady supply}},
    year = {2017},
    journal = {eLife},
    author = {Taillefumier, Thibaud and Posfai, Anna and Meir, Yigal and Wingreen, Ned S.},
    pages = {1--65},
    volume = {6},
    doi = {10.7554/eLife.22644},
    issn = {2050084X},
    pmid = {28473032}
}

@article{Rillig2017,
    title = {{Microbial Ecology: Community Coalescence Stirs Things Up}},
    year = {2017},
    journal = {Current Biology},
    author = {Rillig, Matthias C. and Mansour, India},
    number = {23},
    pages = {R1280-R1282. doi: 10.1016/j.cub.2017.10.027},
    volume = {27},
    doi = {10.1016/j.cub.2017.10.027},
    issn = {09609822}
}

@article{Rosenzweig1994,
    title = {{Microbial evolution in a simple unstructured environment: Genetic differentiation in Escherichia coli}},
    year = {1994},
    journal = {Genetics},
    author = {Rosenzweig, R. F. and Sharp, R. R. and Treves, D. S. and Adams, J.},
    issn = {00166731},
    pmid = {7982572}
}

@misc{Micha2011,
    title = {{Microbial growth curves: What the models tell us and what they cannot}},
    year = {2011},
    booktitle = {Critical Reviews in Food Science and Nutrition},
    author = {Micha, Peleg and Corradini, Maria G.},
    doi = {10.1080/10408398.2011.570463},
    issn = {10408398},
    keywords = {Gompertz model, Growth rate, Kinetics, Lag time, Logistic growth, Verhulst's equation}
}

@article{Morris2013,
    title = {{Microbial syntrophy: Interaction for the common good}},
    year = {2013},
    journal = {FEMS Microbiology Reviews},
    author = {Morris, Brandon E.L. and Henneberger, Ruth and Huber, Harald and Moissl-Eichinger, Christine},
    number = {3},
    pages = {384--406},
    volume = {37},
    doi = {10.1111/1574-6976.12019},
    issn = {01686445},
    pmid = {23480449},
    keywords = {Degradation, Ecological niche, Electron transfer, Metabolic association, Microbial cooperation, Nutrient exchange}
}

@article{Beier2001,
    title = {{Model Selection and Inference: A Practical Information-Theoretic Approach}},
    year = {2001},
    journal = {The Journal of Wildlife Management},
    author = {Beier, Paul and Burnham, Kenneth P. and Anderson, David R.},
    doi = {10.2307/3803117},
    issn = {0022541X}
}

@book{Anderson2002,
    title = {{Model Selection and Inference: a Practical Information‐theoretic Approach. New York: Springer.}},
    year = {2002},
    booktitle = {Model selection and multimodel inference, 2nd ed. Springer, New York},
    author = {Anderson, Burnham & and Anderson, David R.},
    editor = {{Springer}},
    edition = {2nd},
    pages = {49--77},
    isbn = {0-387-95364-7}
}

@article{Guthery2003,
    title = {{Model Selection and Multimodel Inference: A Practical Information-Theoretic Approach}},
    year = {2003},
    journal = {The Journal of Wildlife Management},
    author = {Guthery, Fred S. and Burnham, Kenneth P. and Anderson, David R.},
    doi = {10.2307/3802723},
    issn = {0022541X}
}

@misc{Johnson2004,
    title = {{Model selection in ecology and evolution}},
    year = {2004},
    booktitle = {Trends in Ecology and Evolution},
    author = {Johnson, Jerald B. and Omland, Kristian S.},
    doi = {10.1016/j.tree.2003.10.013},
    issn = {01695347}
}

@article{Chatfield1995,
    title = {{Model Uncertainty, Data Mining and Statistical Inference}},
    year = {1995},
    journal = {Journal of the Royal Statistical Society. Series A (Statistics in Society)},
    author = {Chatfield, Chris},
    doi = {10.2307/2983440},
    issn = {09641998}
}

@article{Baranyi1993b,
    title = {{Modeling bacterial growth responses}},
    year = {1993},
    journal = {Journal of Industrial Microbiology},
    author = {Baranyi, J. and McClure, P. J. and Sutherland, J. P. and Roberts, T. A.},
    doi = {10.1007/BF01584189},
    issn = {01694146},
    keywords = {Differential equation, Growth rate, Lag time, Predictive microbiology}
}

@article{Zwietering1991,
    title = {{Modeling of bacterial growth as a function of temperature}},
    year = {1991},
    journal = {Applied and Environmental Microbiology},
    author = {Zwietering, M. H. and De Koos, J. T. and Hasenack, B. E. and De Wit, J. C. and Van 'T Riet, K.},
    doi = {10.1128/aem.57.4.1094-1101.1991},
    issn = {00992240},
    pmid = {2059034}
}

@article{Zwietering1994,
    title = {{Modeling of bacterial growth with shifts in temperature}},
    year = {1994},
    journal = {Applied and Environmental Microbiology},
    author = {Zwietering, M. H. and De Wit, J. C. and Cuppers, H. G.A.M. and Van't Riet, K.},
    doi = {10.1128/aem.60.1.204-213.1994},
    issn = {00992240},
    pmid = {16349151}
}

@article{Zwietering1990,
    title = {{Modeling of the bacterial growth curve}},
    year = {1990},
    journal = {Applied and Environmental Microbiology},
    author = {Zwietering, M. H. and Jongenburger, I. and Rombouts, F. M. and Van't Riet, K.},
    doi = {10.1128/aem.56.6.1875-1881.1990},
    issn = {00992240},
    pmid = {16348228}
}

@article{Kettle2015,
    title = {{Modelling the emergent dynamics and major metabolites of the human colonic microbiota}},
    year = {2015},
    journal = {Environmental Microbiology},
    author = {Kettle, Helen and Louis, Petra and Holtrop, Grietje and Duncan, Sylvia H. and Flint, Harry J.},
    number = {5},
    pages = {1615--1630},
    volume = {17},
    doi = {10.1111/1462-2920.12599},
    issn = {14622920},
    pmid = {25142831}
}

@article{DaSilva2018,
    title = {{Modelling the growth of lactic acid bacteria at different temperatures}},
    year = {2018},
    journal = {Brazilian Archives of Biology and Technology},
    author = {da Silva, Ana Paula Rosa and Longhi, Daniel Angelo and Dalcanton, Francieli and de Arag{\~{a}}o, Gláucia Maria Falcão},
    doi = {10.1590/1678-4324-2018160159},
    issn = {16784324},
    keywords = {Bacterial spoilage, Predictive microbiology, Shelf life}
}

@article{Lynch2019,
    title = {{Modelling thermodynamic feedback on the metabolism of hydrogenotrophic methanogens}},
    year = {2019},
    journal = {Journal of Theoretical Biology},
    author = {Lynch, T. A. and Wang, Y. and van Brunt, B. and Pacheco, D. and Janssen, P. H.},
    doi = {10.1016/j.jtbi.2019.05.018},
    issn = {10958541},
    keywords = {ATP yield, Gibbs free energy, Methanogen, Michaelis–Menten kinetics, Substrate threshold}
}

@article{Enke2019,
    title = {{Modular Assembly of Polysaccharide-Degrading Marine Microbial Communities}},
    year = {2019},
    journal = {Current Biology},
    author = {Enke, Tim N. and Datta, Manoshi S. and Schwartzman, Julia and Cermak, Nathan and Schmitz, Désirée and Barrere, Julien and Pascual-Garc{\'{i}}a, Alberto and Cordero, Otto X.},
    number = {9},
    pages = {1528--1535},
    volume = {29},
    doi = {10.1016/j.cub.2019.03.047},
    issn = {09609822},
    pmid = {31031118},
    keywords = {community assembly, cross-feeding, marine microbes, succession}
}

@article{10.1371/journal.pone.0192582,
    title = {{Multi-scale multi-level marine spatial planning: A novel methodological approach applied in South Africa}},
    year = {2018},
    journal = {PLOS ONE},
    author = {Lagabrielle, Erwann and Lombard, Amanda T and Harris, Jean M and Livingstone, Tamsyn-Claire},
    number = {7},
    pages = {1--29},
    volume = {13},
    publisher = {Public Library of Science},
    url = {https://doi.org/10.1371/journal.pone.0192582},
    doi = {10.1371/journal.pone.0192582}
}

@article{Douglas2015,
    title = {{Multiorganismal insects: Diversity and function of resident microorganisms}},
    year = {2015},
    journal = {Annual Review of Entomology},
    author = {Douglas, Angela E.},
    number = {1},
    pages = {17--34},
    volume = {60},
    doi = {10.1146/annurev-ento-010814-020822},
    issn = {00664170},
    pmid = {25341109},
    keywords = {Endosymbiosis, Immunity, Insect nutrition, Microbiota, Symbiosis}
}

@article{Goyal2018b,
    title = {{Multiple stable states in microbial communities explained by the stable marriage problem}},
    year = {2018},
    journal = {ISME Journal},
    author = {Goyal, Akshit and Dubinkina, Veronika and Maslov, Sergei},
    number = {12},
    pages = {2823--2834},
    volume = {12},
    publisher = {Springer US},
    url = {http://dx.doi.org/10.1038/s41396-018-0222-x},
    doi = {10.1038/s41396-018-0222-x},
    issn = {17517370},
    pmid = {30022156},
    arxivId = {1712.06042}
}

@article{Embree2015,
    title = {{Networks of energetic and metabolic interactions define dynamics in microbial communities}},
    year = {2015},
    journal = {Proceedings of the National Academy of Sciences of the United States of America},
    author = {Embree, Mallory and Liu, Joanne K. and Al-Bassam, Mahmoud M. and Zengler, Karsten},
    number = {50},
    pages = {15450–15455. doi: 10.1073/pnas.1506034112},
    volume = {112},
    doi = {10.1073/pnas.1506034112},
    issn = {10916490},
    keywords = {Interspecies interactions, Metabolic modeling, Methanogens, Microbial communities, Microbiome}
}

@article{Schoolfield1981,
    title = {{Non-linear regression of biological temperature-dependent rate models based on absolute reaction-rate theory}},
    year = {1981},
    journal = {Journal of Theoretical Biology},
    author = {Schoolfield, R. M. and Sharpe, P. J.H. and Magnuson, C. E.},
    url = {https://sci-hub.tw/10.1016/0022-5193(81)90246-0},
    doi = {10.1016/0022-5193(81)90246-0},
    issn = {10958541},
    pmid = {6790878}
}

@article{Levine2018,
    title = {{Nordic Society Oikos Elton Revisited : A Review of Evidence Linking Diversity and Invasibility Author ( s ): Jonathan M . Levine and Carla M . D ' Antonio Published by : Wiley on behalf of Nordic Society Oikos Stable URL : https://www.jstor.org/stable/354}},
    year = {2018},
    journal = {Oikos, Nordic Society},
    author = {Levine, Jonathan M. and D'Antonio, Carla M.},
    number = {1},
    pages = {15--26},
    volume = {87}
}

@article{Verhulst1838,
    title = {{Notice sur la loi que la population suit dans son accroissement}},
    year = {1838},
    journal = {Correspondance Math{\'{e}}matique et Physique},
    author = {Verhulst, P F}
}

@article{Erdos1959,
    title = {{On random graphs I}},
    year = {1959},
    journal = {Publicationes Mathematicae},
    author = {Erd{\"{o}}s, P and R{\'{e}}nyi, A},
    isbn = {ISSN{\~{}}{\~{}}0020-1383},
    doi = {10.2307/1999405},
    issn = {00029947},
    pmid = {1205592},
    arxivId = {1205.2923}
}

@article{Pearl1920,
    title = {{On the Rate of Growth of the Population of the United States since 1790 and Its Mathematical Representation}},
    year = {1920},
    journal = {Proceedings of the National Academy of Sciences},
    author = {Pearl, R. and Reed, L. J.},
    doi = {10.1073/pnas.6.6.275},
    issn = {0027-8424},
    pmid = {16576496}
}

@article{Rohr2014,
    title = {{On the structural stability of mutualistic systems}},
    year = {2014},
    journal = {Science},
    author = {Rohr, Rudolf P. and Saavedra, Serguei and Bascompte, Jordi},
    doi = {10.1126/science.1253497},
    issn = {10959203},
    pmid = {25061214}
}

@article{Nemergut2013,
    title = {{Patterns and Processes of Microbial Community Assembly}},
    year = {2013},
    journal = {Microbiology and Molecular Biology Reviews},
    author = {Nemergut, D. R. and Schmidt, S. K. and Fukami, T. and O'Neill, S. P. and Bilinski, T. M. and Stanish, L. F. and Knelman, J. E. and Darcy, J. L. and Lynch, R. C. and Wickey, P. and Ferrenberg, S.},
    doi = {10.1128/mmbr.00051-12},
    issn = {1092-2172}
}

@article{Machado,
    title = {{Polarization of microbial communities between competitive and cooperative metabolism}},
    year = {2021},
    journal = {Nature Ecology and Evolution},
    author = {Machado, Daniel and Maistrenko, Oleksandr M and Andrejev, Sergej and Kim, Yongkyu and Bork, Peer and Patil, Kaustubh R and Patil, Kiran R},
    isbn = {4155902001},
    doi = {10.1038/s41559-020-01353-4}
}

@article{LUBKE1996335,
    title = {{Post-mining rehabilitation of coastal sand dunes in Zululand South Africa}},
    year = {1996},
    journal = {Landscape and Urban Planning},
    author = {Lubke, R A and Avis, A M and Moll, J B},
    number = {3},
    pages = {335--345},
    volume = {34},
    url = {http://www.sciencedirect.com/science/article/pii/0169204695002278},
    doi = {https://doi.org/10.1016/0169-2046(95)00227-8},
    issn = {0169-2046},
    keywords = {Dunes, Post-mining, Rehabilitation, South Africa, Zululand}
}

@article{Galarz2016,
    title = {{Predicting bacterial growth in raw, salted, and cooked chicken breast fillets during storage}},
    year = {2016},
    journal = {Food Science and Technology International},
    author = {Galarz, Liane Aldrighi and Fonseca, Gustavo Graciano and Prentice, Carlos},
    doi = {10.1177/1082013215618519},
    issn = {15321738},
    keywords = {Chicken, bacteria, modeling, predictive, shelf life}
}

@article{Swinnen2004,
    title = {{Predictive modelling of the microbial lag phase: A review}},
    year = {2004},
    journal = {International Journal of Food Microbiology},
    author = {Swinnen, I. A.M. and Bernaerts, K. and Dens, E. J.J. and Geeraerd, A. H. and Van Impe, J. F.},
    doi = {10.1016/j.ijfoodmicro.2004.01.006},
    issn = {01681605},
    keywords = {Culture history, Lag phase, Modelling, Predictive microbiology, Temperature}
}

@misc{Feller2010,
    title = {{Protein stability and enzyme activity at extreme biological temperatures}},
    year = {2010},
    booktitle = {Journal of Physics Condensed Matter},
    author = {Feller, Georges},
    url = {sci-hub.tw/10.1088/0953-8984/22/32/323101},
    doi = {10.1088/0953-8984/22/32/323101},
    issn = {09538984}
}

@article{Li2014,
    title = {{Quantifying absolute protein synthesis rates reveals principles underlying allocation of cellular resources}},
    year = {2014},
    journal = {Cell},
    author = {Li, Gene Wei and Burkhardt, David and Gross, Carol and Weissman, Jonathan S.},
    number = {3},
    pages = {624--635},
    volume = {157},
    publisher = {Elsevier Inc.},
    url = {http://dx.doi.org/10.1016/j.cell.2014.02.033},
    doi = {10.1016/j.cell.2014.02.033},
    issn = {10974172},
    pmid = {24766808}
}

@article{Breiman2001,
    title = {{Random Forest}},
    year = {2001},
    journal = {Machine Learning},
    author = {Breiman, Leo},
    isbn = {0885-6125},
    doi = {10.1023/A:1010933404324},
    issn = {08856125},
    pmid = {21816105},
    arxivId = {http://dx.doi.org/10.1023{\%}2FA{\%}3A1010933404324},
    keywords = {classification, ensemble, regression}
}

@article{Rocca2020,
    title = {{Rare microbial taxa emerge when communities collide: freshwater and marine microbiome responses to experimental mixing}},
    year = {2020},
    journal = {Ecology},
    author = {Rocca, Jennifer D. and Simonin, Marie and Bernhardt, Emily S. and Washburne, Alex D. and Wright, Justin P.},
    number = {3},
    pages = {e02956},
    volume = {101},
    doi = {10.1002/ecy.2956},
    issn = {00129658},
    pmid = {31840237},
    keywords = {16S rRNA, bacteria, biotic interactions, environmental perturbation, mutualism, phylogenetic factorization, rare biosphere}
}

@article{Ritchie2018,
    title = {{Reaction and diffusion thermodynamics explain optimal temperatures of biochemical reactions}},
    year = {2018},
    journal = {Scientific Reports},
    author = {Ritchie, Mark E.},
    doi = {10.1038/s41598-018-28833-9},
    issn = {20452322}
}

@article{Pawar2016,
    title = {{Real versus artificial variation in the thermal sensitivity of biological traits}},
    year = {2016},
    journal = {American Naturalist},
    author = {Pawar, Samraat and Dell, Anthony I. and Savage, Van M. and Knies, Jennifer L.},
    doi = {10.1086/684590},
    issn = {00030147},
    keywords = {Activation energy, Sampling, Temperature, Thermal physiology, Thermal sensitivity, Traits}
}

@article{McGill2006,
    title = {{Rebuilding community ecology from functional traits}},
    year = {2006},
    journal = {Trends in Ecology and Evolution},
    author = {McGill, Brian J. and Enquist, Brian J. and Weiher, Evan and Westoby, Mark},
    number = {4},
    pages = {178--185},
    volume = {21},
    doi = {10.1016/j.tree.2006.02.002},
    issn = {01695347},
    pmid = {16701083}
}

@article{Tuncil2017,
    title = {{Reciprocal prioritization to dietary glycans by gut bacteria in a competitive environment promotes stable coexistence}},
    year = {2017},
    journal = {mBio},
    author = {Tuncil, Yunus E. and Xiao, Yao and Porter, Nathan T. and Reuhs, Bradley L. and Martens, Eric C. and Hamaker, Bruce R.},
    number = {5},
    pages = {1--17},
    volume = {8},
    doi = {10.1128/mBio.01068-17},
    issn = {21507511},
    pmid = {29018117},
    keywords = {Carbohydrate utilization, Hierarchical preference, Microbiota, Polysaccharide utilization loci, Transcription}
}

@article{Tu2019,
    title = {{Reconciling cooperation, biodiversity and stability in complex ecological communities}},
    year = {2019},
    journal = {Scientific Reports},
    author = {Tu, Chengyi and Suweis, Samir and Grilli, Jacopo and Formentin, Marco and Maritan, Amos},
    number = {1},
    pages = {1--10},
    volume = {9},
    publisher = {Springer US},
    url = {http://dx.doi.org/10.1038/s41598-019-41614-2},
    doi = {10.1038/s41598-019-41614-2},
    issn = {20452322},
    pmid = {30944345}
}

@article{Ratkowsky1982,
    title = {{Relationship between temperature and growth rate of bacterial cultures}},
    year = {1982},
    journal = {Journal of Bacteriology},
    author = {Ratkowsky, D. A. and Olley, J. and McMeekin, T. A. and Ball, A.},
    doi = {10.1128/jb.149.1.1-5.1982},
    issn = {00219193},
    pmid = {7054139}
}

@article{Ratkowsky1982a,
    title = {{Relationship between temperature and growth rate of bacterial cultures}},
    year = {1982},
    journal = {Journal of Bacteriology},
    author = {Ratkowsky, D. A. and Olley, J. and McMeekin, T. A. and Ball, A.},
    doi = {10.1128/jb.149.1.1-5.1982},
    issn = {00219193},
    pmid = {7054139}
}

@incollection{Box1979,
    title = {{Robustness in the Strategy of Scientific Model Building}},
    year = {1979},
    booktitle = {Robustness in Statistics},
    author = {Box, G.E.P.},
    doi = {10.1016/b978-0-12-438150-6.50018-2}
}

@article{Box1976,
    title = {{Science and statistics}},
    year = {1976},
    journal = {Journal of the American Statistical Association},
    author = {Box, George E.P.},
    doi = {10.1080/01621459.1976.10480949},
    issn = {1537274X}
}

@article{PedregosaFABIANPEDREGOSA2011,
    title = {{Scikit-learn: Machine Learning in {\{}P{\}}ython}},
    year = {2011},
    journal = {Journal of Machine Learning Research},
    author = {{Pedregosa, F. {\textbackslash}emphet al.} and Pedregosa, Fabian and Weiss, Ron and Brucher, Matthieu and {Pedregosa, F. et al.} and Pedregosa, Fabian and Varoquaux, G and Gramfort, A and Michel, V and Thirion, B and Grisel, O and Blondel, M and Prettenhofer, P and Weiss, Ron and Dubourg, V and Vanderplas, J and Passos, A and Cournapeau, D and Brucher, Matthieu and Perrot, M and Duchesnay, E},
    pages = {2825--2830},
    volume = {12},
    keywords = {Python, model selection, supervised learning, unsupervised learning}
}

@article{Virtanen2020,
    title = {{SciPy 1.0: fundamental algorithms for scientific computing in Python}},
    year = {2020},
    journal = {Nature Methods},
    author = {Virtanen, Pauli and Gommers, Ralf and Oliphant, Travis E. and Haberland, Matt},
    doi = {10.1038/s41592-019-0686-2},
    issn = {15487105},
    pmid = {32015543},
    arxivId = {1907.10121}
}

@article{Luo2020,
    title = {{Seasonal effects of river flow on microbial community coalescence and diversity in a riverine network}},
    year = {2020},
    journal = {FEMS Microbiology Ecology},
    author = {Luo, Xia and Xiang, Xinyi and Yang, Yuanhao and Huang, Guoyi and Fu, Kaidao and Che, Rongxiao and Chen, Liqiang},
    number = {8},
    volume = {96},
    doi = {10.1093/femsec/fiaa132},
    issn = {15746941},
    pmid = {32597955},
    keywords = {Flow rate, Lancang River, Microbial coalescence, Microbial communities, Microhabitats}
}

@incollection{Ross2003,
    title = {{Secondary models}},
    year = {2003},
    booktitle = {Modeling Microbial Responses in Food},
    author = {Ross, Thomas and Dalgaard, Paw},
    isbn = {9780203503942},
    doi = {10.1201/9780203503942.ch3}
}

@article{Lilja2016,
    title = {{Segregating metabolic processes into different microbial cells accelerates the consumption of inhibitory substrates}},
    year = {2016},
    journal = {ISME Journal},
    author = {Lilja, Elin E. and Johnson, David R.},
    doi = {10.1038/ismej.2015.243},
    issn = {17517370}
}

@article{Augustin2000,
    title = {{Significance of Inoculum Size in the Lag Time of Listeria monocytogenes}},
    year = {2000},
    journal = {APPLIED AND ENVIRONMENTAL MICROBIOLOGY},
    author = {Augustin, Jean-Christophe and Rosso, Laurent and Carlier, Vincent}
}

@article{doi:10.1046/j.1526-100x.1998.06113.x,
    title = {{Soil Characteristics of Rehabilitating and Unmined Coastal Dunes at Richards Bay, KwaZulu-Natal, South Africa}},
    year = {1998},
    journal = {Restoration Ecology},
    author = {Van Aarde A-M. Smit A. S. Claassens, R J},
    number = {1},
    pages = {102--110},
    volume = {6},
    url = {https://onlinelibrary.wiley.com/doi/abs/10.1046/j.1526-100x.1998.06113.x},
    doi = {10.1046/j.1526-100x.1998.06113.x}
}

@article{Rillig2016b,
    title = {{Soil microbes and community coalescence}},
    year = {2016},
    journal = {Pedobiologia},
    author = {Rillig, Matthias C. and Lehmann, Anika and Aguilar-Trigueros, Carlos A.},
    number = {1-2},
    pages = {37--40},
    volume = {59},
    doi = {10.1016/j.pedobi.2016.01.001},
    issn = {00314056},
    keywords = {Community, Community coalescence, Disturbance, Global change, Metacommunity, Soil biodiversity}
}

@article{Baranyi1993a,
    title = {{Some properties of a nonautonomous deterministic growth model describing the adjustment of the bacterial population to a new environment}},
    year = {1993},
    journal = {Mathematical Medicine and Biology},
    author = {Baranyi, József and Roberts, Terry A. and Mcclure, Peter},
    doi = {10.1093/imammb/10.4.293},
    issn = {14778599},
    keywords = {Bacterial growth, Lag phase, Nonautonomous deterministic growth model}
}

@article{Lawrence2012,
    title = {{Species interactions alter evolutionary responses to a novel environment}},
    year = {2012},
    journal = {PLoS Biology},
    author = {Lawrence, Diane and Fiegna, Francesca and Behrends, Volker and Bundy, Jacob G. and Phillimore, Albert B. and Bell, Thomas and Barraclough, Timothy G.},
    number = {5},
    pages = {e1001330. doi: 10.1371/journal.pbio.1001330},
    volume = {10},
    doi = {10.1371/journal.pbio.1001330},
    issn = {15449173},
    pmid = {22615541}
}

@article{MacArthur1970,
    title = {{Species packing and competitive equilibrium for many species}},
    year = {1970},
    journal = {Theoretical Population Biology},
    author = {MacArthur, Robert},
    doi = {10.1016/0040-5809(70)90039-0},
    issn = {10960325},
    pmid = {5527624}
}

@article{MacArthur1970a,
    title = {{Species packing and competitive equilibrium for many species}},
    year = {1970},
    journal = {Theoretical Population Biology},
    author = {MacArthur, Robert},
    doi = {10.1016/0040-5809(70)90039-0},
    issn = {10960325},
    pmid = {5527624}
}

@article{Arthur1969,
    title = {{Species packing, and what competition minimizes}},
    year = {1969},
    journal = {Proceedings of the National Academy of Sciences},
    author = {MacArthur, R. M.},
    number = {4},
    pages = {1369--1371},
    volume = {64},
    doi = {10.1073/pnas.64.4.1369},
    issn = {0027-8424}
}

@article{Brown2003,
    title = {{Statistical mechanical approaches to models with many poorly known parameters}},
    year = {2003},
    journal = {Physical Review E - Statistical Physics, Plasmas, Fluids, and Related Interdisciplinary Topics},
    author = {Brown, Kevin S. and Sethna, James P.},
    number = {2},
    pages = {9},
    volume = {68},
    doi = {10.1103/PhysRevE.68.021904},
    issn = {1063651X}
}

@article{Advani2018,
    title = {{Statistical physics of community ecology: A cavity solution to MacArthur's consumer resource model}},
    year = {2018},
    journal = {Journal of Statistical Mechanics: Theory and Experiment},
    author = {Advani, Madhu and Bunin, Guy and Mehta, Pankaj},
    number = {3},
    volume = {2018},
    publisher = {IOP Publishing},
    doi = {10.1088/1742-5468/aab04e},
    issn = {17425468},
    keywords = {cavity and replica method, population dynamics, systems biology}
}

@misc{Nishimori2010,
    title = {{Statistical Physics of Spin Glasses and Information Processing}},
    year = {2010},
    booktitle = {Statistical Physics of Spin Glasses and Information Processing},
    author = {Nishimori, Hidetoshi},
    doi = {10.1093/acprof:oso/9780198509417.001.0001}
}

@article{Kauffmann2003,
    title = {{Stellar masses and star formation histories for 105 galaxies from the Sloan Digital Sky Survey}},
    year = {2003},
    journal = {Monthly Notices of the Royal Astronomical Society},
    author = {Kauffmann, Guinevere and Heckman, Timothy M. and White, Simon D M and Charlot, Stéphane and Tremonti, Christy and Brinchmann, Jarle and Bruzual, Gustavo and Peng, Eric W. and Seibert, Mark and Bernardi, Mariangela and Blanton, Michael and Brinkmann, Jon and Castander, Francisco and Cs{\'{a}}bai, Istvan and Fukugita, Masataka and Ivezic, Zeljko and Munn, Jeffrey A. and Nichol, Robert C. and Padmanabhan, Nikhil and Thakar, Aniruddha R. and Weinberg, David H. and York, Donald},
    doi = {10.1046/j.1365-8711.2003.06291.x},
    issn = {00358711},
    keywords = {Galaxies: evolution, Galaxies: formation, Galaxies: stellar content}
}

@article{Thomas2012,
    title = {{Stellar velocity dispersions and emission line properties of SDSS-III/BOSS galaxies}},
    year = {2012},
    journal = {Proceedings of the International Astronomical Union},
    author = {Thomas, D. and Steele, O. and Maraston, C. and Johansson, J. and Beifiori, A. and Pforr, J. and Str{\"{o}}mb{\"{a}}ck, G. and Tremonti, C. A. and Wake, D.},
    number = {S295},
    month = {8},
    pages = {129--132},
    volume = {8},
    url = {https://www.cambridge.org/core/product/identifier/S174392131300450X/type/journal_article},
    isbn = {9781107033849},
    doi = {10.1017/S174392131300450X},
    issn = {1743-9213},
    keywords = {galaxies: ISM, galaxies: active evolution, galaxies: evolution, galaxies: general, galaxies: kinematics and dynamics, surveys}
}

@article{Thomas2012b,
    title = {{Stellar velocity dispersions and emission line properties of {\{}SDSS{\}}-{\{}III{\}}/{\{}BOSS{\}} galaxies}},
    year = {2012},
    journal = {Proceedings of the International Astronomical Union},
    author = {Thomas, D and Steele, O and Maraston, C and Johansson, J and Beifiori, A and Pforr, J and Str{\"{o}}mb{\"{a}}ck, G and Tremonti, C A and Wake, D},
    number = {S295},
    month = {8},
    pages = {129--132},
    volume = {8},
    publisher = {Cambridge University Press ({\{}CUP{\}})},
    doi = {10.1017/s174392131300450x}
}

@article{Thomas2012c,
    title = {{Stellar velocity dispersions and emission line properties of {\{}SDSS{\}}-{\{}III{\}}/{\{}BOSS{\}} galaxies}},
    year = {2012},
    journal = {Proceedings of the International Astronomical Union},
    author = {Thomas, D and Steele, O and Maraston, C and Johansson, J and Beifiori, A and Pforr, J and Str{\"{o}}mb{\"{a}}ck, G and Tremonti, C A and Wake, D},
    number = {S295},
    month = {8},
    pages = {129--132},
    volume = {8},
    publisher = {Cambridge University Press ({\{}CUP{\}})},
    doi = {10.1017/s174392131300450x}
}

@article{Gillespie2007,
    title = {{Stochastic Simulation of Chemical Kinetics}},
    year = {2007},
    journal = {Annual Review of Physical Chemistry},
    author = {Gillespie, Daniel T.},
    isbn = {0824310586},
    doi = {10.1146/annurev.physchem.58.032806.104637},
    issn = {0066-426X},
    pmid = {17037977}
}

@article{Ratzke2020a,
    title = {{Strength of species interactions determines biodiversity and stability in microbial communities}},
    year = {2020},
    journal = {Nature Ecology and Evolution},
    author = {Ratzke, Christoph and Barrere, Julien and Gore, Jeff},
    number = {3},
    pages = {376--383},
    volume = {4},
    publisher = {Springer US},
    url = {http://dx.doi.org/10.1038/s41559-020-1099-4},
    doi = {10.1038/s41559-020-1099-4},
    issn = {2397334X},
    pmid = {32042124}
}

@article{Huttenhower2012,
    title = {{Structure, function and diversity of the healthy human microbiome}},
    year = {2012},
    journal = {Nature},
    author = {Huttenhower, Curtis and Gevers, Dirk and Knight, Rob and Al., Et},
    number = {7402},
    pages = {207–214},
    volume = {486},
    doi = {10.1038/nature11234},
    issn = {00280836},
    pmid = {22699609}
}

@article{Dell2011,
    title = {{Systematic variation in the temperature dependence of physiological and ecological traits}},
    year = {2011},
    journal = {Proceedings of the National Academy of Sciences of the United States of America},
    author = {Dell, Anthony I. and Pawar, Samraat and Savage, Van M.},
    doi = {10.1073/pnas.1015178108},
    issn = {00278424}
}

@book{Kremling2013,
    title = {{Systems biology: Mathematical modeling and model analysis}},
    year = {2013},
    booktitle = {Systems Biology: Mathematical Modeling and Model Analysis},
    author = {Kremling, Andreas},
    isbn = {9781466567900},
    doi = {10.1080/17513758.2017.1400121},
    issn = {1751-3758}
}

@article{Stannard1985,
    title = {{Temperature/growth relationships for psychrotrophic food-spoilage bacteria}},
    journal = {Food Microbiology},
    author = {C.J.Stannard, A.P.Williams, P.A.Gibbs},
    number = {Issue 2},
    pages = {115--122},
    volume = {Volume 2},
    doi = {https://doi.org/10.1016/S0740-0020(85)80004-6}
}

@article{Kinney1996,
    title = {{Template Ultraviolet to Near-Infrared Spectra of Star-forming Galaxies and Their Application to K-Corrections}},
    year = {1996},
    journal = {The Astrophysical Journal},
    author = {Kinney, Anne L. and Calzetti, Daniela and Bohlin, Ralph C. and McQuade, Kerry and Storchi-Bergmann, Thaisa and Schmitt, Henrique R.},
    doi = {10.1086/177583},
    issn = {0004-637X}
}

@article{Kinney1996b,
    title = {{Template Ultraviolet to Near-Infrared Spectra of Star-forming Galaxies and Their Application to K-Corrections}},
    year = {1996},
    journal = {The Astrophysical Journal},
    author = {Kinney, Anne L and Calzetti, Daniela and Bohlin, Ralph C and McQuade, Kerry and Storchi-Bergmann, Thaisa and Schmitt, Henrique R},
    month = {8},
    pages = {38},
    volume = {467},
    publisher = {{\{}IOP{\}} Publishing},
    doi = {10.1086/177583}
}

@article{Ilic2012,
    title = {{The analysis of the broad hydrogen Balmer line ratios: Possible implications for the physical properties of the broad line region of {\{}AGNs{\}}}},
    year = {2012},
    journal = {Astronomy {\&} Astrophysics},
    author = {Ili{\'{c}}, D and Popovi{\'{c}}, L Č and Mura, G La and Ciroi, S and Rafanelli, P},
    month = {7},
    pages = {A142},
    volume = {543},
    publisher = {{\{}EDP{\}} Sciences},
    doi = {10.1051/0004-6361/201219299}
}

@article{Costello2012,
    title = {{The application of ecological theory toward an understanding of the human microbiome}},
    year = {2012},
    journal = {Science},
    author = {Costello, Elizabeth K. and Stagaman, Keaton and Dethlefsen, Les and Bohannan, Brendan J.M. and Relman, David A.},
    number = {6086},
    pages = {1255--1262},
    volume = {336},
    doi = {10.1126/science.1224203},
    issn = {10959203}
}

@article{Bastolla2009,
    title = {{The architecture of mutualistic networks minimizes competition and increases biodiversity}},
    year = {2009},
    journal = {Nature},
    author = {Bastolla, Ugo and Fortuna, Miguel A. and Pascual-Garc{\'{i}}a, Alberto and Ferrera, Antonio and Luque, Bartolo and Bascompte, Jordi},
    doi = {10.1038/nature07950},
    issn = {00280836},
    pmid = {19396144}
}

@article{Bastolla2009a,
    title = {{The architecture of mutualistic networks minimizes competition and increases biodiversity}},
    year = {2009},
    journal = {Nature},
    author = {Bastolla, Ugo and Fortuna, Miguel A. and Pascual-Garc{\'{i}}a, Alberto and Ferrera, Antonio and Luque, Bartolo and Bascompte, Jordi},
    number = {7241},
    pages = {1018--1020},
    volume = {458},
    doi = {10.1038/nature07950},
    issn = {00280836},
    pmid = {19396144}
}

@article{Rosindell2012,
    title = {{The case for ecological neutral theory}},
    year = {2012},
    journal = {Trends in Ecology and Evolution},
    author = {Rosindell, James and Hubbell, Stephen P. and He, Fangliang and Harmon, Luke J. and Etienne, Rampal S.},
    number = {4},
    pages = {203--208},
    volume = {27},
    publisher = {Elsevier Ltd},
    url = {http://dx.doi.org/10.1016/j.tree.2012.01.004},
    doi = {10.1016/j.tree.2012.01.004},
    issn = {01695347},
    pmid = {22341498}
}

@article{DeLong2017,
    title = {{The combined effects of reactant kinetics and enzyme stability explain the temperature dependence of metabolic rates}},
    year = {2017},
    journal = {Ecology and Evolution},
    author = {DeLong, J. P. and Gibert, J. P. and Luhring, T. M. and Bachman, G. and Reed, B. and Neyer, A. and Montooth, K. L.},
    url = {https://sci-hub.tw/10.1002/ece3.2955#},
    doi = {10.1002/ece3.2955},
    issn = {20457758},
    keywords = {acclimation, metabolic rate, thermal adaptation, thermal performance curve}
}

@article{Fierer2006,
    title = {{The diversity and biogeography of soil bacterial communities}},
    year = {2006},
    journal = {Proceedings of the National Academy of Sciences of the United States of America},
    author = {Fierer, Noah and Jackson, Robert B.},
    number = {3},
    pages = {626--631},
    volume = {103},
    doi = {10.1073/pnas.0507535103},
    issn = {00278424},
    pmid = {16407148},
    keywords = {Biodiversity, Microbial ecology, Soil bacteria, Terminal-restriction fragment length polymorphism}
}

@article{Livingston2013,
    title = {{The dynamics of community assembly under sudden mixing in experimental microcosms}},
    year = {2013},
    journal = {Ecology},
    author = {Livingston, George and Jiang, Yuexin and Fox, Jeremy W. and Leibold, Mathew A.},
    number = {12},
    pages = {2898--2906},
    volume = {94},
    doi = {10.1890/12-1993.1},
    issn = {00129658},
    keywords = {Biotic interchange, Community assembly, Competitive interactions, Connectivity, Metacommunity, Microcosms, Trophic interactions}
}

@article{Gilbert2014,
    title = {{The Earth Microbiome project: Successes and aspirations}},
    year = {2014},
    journal = {BMC Biology},
    author = {Gilbert, Jack A. and Jansson, Janet K. and Knight, Rob},
    number = {69},
    pages = {12915--014},
    volume = {12},
    doi = {10.1186/s12915-014-0069-1},
    issn = {17417007},
    pmid = {25184604}
}

@article{Coyte2015,
    title = {{The ecology of the microbiome: Networks, competition, and stability}},
    year = {2015},
    journal = {Science},
    author = {Coyte, Katharine Z. and Schluter, Jonas and Foster, Kevin R.},
    doi = {10.1126/science.aad2602},
    issn = {10959203}
}

@article{Aguado2019,
    title = {{The Fifteenth Data Release of the Sloan Digital Sky Surveys: First Release of MaNGA-derived Quantities, Data Visualization Tools, and Stellar Library}},
    year = {2019},
    journal = {The Astrophysical Journal Supplement Series},
    author = {Aguado, D. S. and Ahumada, Romina and Almeida, Andrés and Anderson, Scott F. and Andrews, Brett H.},
    doi = {10.3847/1538-4365/aaf651}
}

@article{Winsor1932,
    title = {{The Gompertz Curve as a Growth Curve}},
    year = {1932},
    journal = {Proceedings of the National Academy of Sciences},
    author = {Winsor, C. P.},
    doi = {10.1073/pnas.18.1.1},
    issn = {0027-8424}
}

@article{Johnson1946,
    title = {{The growth rate of E. coli in relation to temperature, quinine and coenzyme}},
    year = {1946},
    journal = {Journal of Cellular and Comparative Physiology},
    author = {Johnson, Frank H. and Lewin, Isaac},
    doi = {10.1002/jcp.1030280104},
    issn = {0095-9898}
}

@article{Hoyos2006,
    title = {{The impact of the visibility of the [O iii]{\$}{\textbackslash}backslashuplambda{\{}{\textbackslash}{\$}{\}}4363 line on the general properties of H ii galaxies in the Local Universe}},
    year = {2006},
    journal = {Monthly Notices of the Royal Astronomical Society},
    author = {Hoyos, C and D{\$}{\textbackslash}{\$}'{\$}{\textbackslash}{\$}iaz, A I},
    number = {2},
    month = {1},
    pages = {454--468},
    volume = {365},
    publisher = {Oxford University Press ({\{}OUP{\}})},
    doi = {10.1111/j.1365-2966.2005.09691.x}
}

@article{Hoyos2006b,
    title = {{The impact of the visibility of the [O iii]{\$}{\textbackslash}uplambda{\$}4363 line on the general properties of H ii galaxies in the Local Universe}},
    year = {2006},
    journal = {Monthly Notices of the Royal Astronomical Society},
    author = {Hoyos, C and D{\textbackslash}'{\textbackslash}iaz, A I},
    number = {2},
    month = {1},
    pages = {454--468},
    volume = {365},
    publisher = {Oxford University Press ({\{}OUP{\}})},
    doi = {10.1111/j.1365-2966.2005.09691.x}
}

@article{Hoyos2006c,
    title = {{The impact of the visibility of the [O III]{$\lambda$}4363 line on the general properties of H II galaxies in the Local Universe}},
    year = {2006},
    journal = {Monthly Notices of the Royal Astronomical Society},
    author = {Hoyos, C. and D{\'{i}}az, A. I.},
    doi = {10.1111/j.1365-2966.2005.09691.x},
    issn = {00358711},
    keywords = {Galaxies: abundances, Galaxies: starburst, Galaxies: stellar content, Galaxies:evolution}
}

@article{Falkowski2008,
    title = {{The microbial engines that drive earth's biogeochemical cycles}},
    year = {2008},
    journal = {Science},
    author = {Falkowski, Paul G. and Fenchel, Tom and Delong, Edward F.},
    number = {5879},
    pages = {1034--1039},
    volume = {320},
    doi = {10.1126/science.1153213},
    issn = {00368075}
}

@article{Morowitz2000,
    title = {{The origin of intermediary metabolism}},
    year = {2000},
    journal = {Proceedings of the National Academy of Sciences of the United States of America},
    author = {Morowitz, Harold J. and Kostelnik, Jennifer D. and Yang, Jeremy and Cody, George D.},
    doi = {10.1073/pnas.110153997},
    issn = {00278424}
}

@article{Tremonti2004,
    title = {{The Origin of the Mass-Metallicity Relation: Insights from 53,000 Star-forming Galaxies in the Sloan Digital Sky Survey}},
    year = {2004},
    journal = {The Astrophysical Journal},
    author = {Tremonti, Christy A and Heckman, Timothy M and Kauffmann, Guinevere and Brinchmann, Jarle and Charlot, Stephane and White, Simon D M and Seibert, Mark and Peng, Eric W and Schlegel, David J and Uomoto, Alan and Fukugita, Masataka and Brinkmann, Jon},
    number = {2},
    month = {10},
    pages = {898--913},
    volume = {613},
    publisher = {{\{}IOP{\}} Publishing},
    doi = {10.1086/423264}
}

@article{Tremonti2004b,
    title = {{The Origin of the Mass-Metallicity Relation: Insights from 53,000 Star-forming Galaxies in the Sloan Digital Sky Survey}},
    year = {2004},
    journal = {The Astrophysical Journal},
    author = {Tremonti, Christy A and Heckman, Timothy M and Kauffmann, Guinevere and Brinchmann, Jarle and Charlot, Stephane and White, Simon D M and Seibert, Mark and Peng, Eric W and Schlegel, David J and Uomoto, Alan and Fukugita, Masataka and Brinkmann, Jon},
    number = {2},
    month = {10},
    pages = {898--913},
    volume = {613},
    publisher = {{\{}IOP{\}} Publishing},
    doi = {10.1086/423264}
}

@article{Tremonti2004c,
    title = {{The Origin of the Mass‐Metallicity Relation: Insights from 53,000 Star‐forming Galaxies in the Sloan Digital Sky Survey}},
    year = {2004},
    journal = {The Astrophysical Journal},
    author = {Tremonti, Christy A. and Heckman, Timothy M. and Kauffmann, Guinevere and Brinchmann, Jarle and Charlot, Stephane and White, Simon D. M. and Seibert, Mark and Peng, Eric W. and Schlegel, David J. and Uomoto, Alan and Fukugita, Masataka and Brinkmann, Jon},
    number = {2},
    month = {10},
    pages = {898--913},
    volume = {613},
    url = {http://stacks.iop.org/0004-637X/613/i=2/a=898},
    doi = {10.1086/423264},
    issn = {0004-637X}
}

@article{Brinchmann2004,
    title = {{The physical properties of star-forming galaxies in the low-redshift Universe}},
    year = {2004},
    journal = {Monthly Notices of the Royal Astronomical Society},
    author = {Brinchmann, J. and Charlot, S. and White, S. D. M. and Tremonti, C. and Kauffmann, G. and Heckman, T. and Brinkmann, J.},
    number = {4},
    month = {7},
    pages = {1151--1179},
    volume = {351},
    url = {https://academic.oup.com/mnras/article-lookup/doi/10.1111/j.1365-2966.2004.07881.x},
    doi = {10.1111/j.1365-2966.2004.07881.x},
    issn = {00358711},
    keywords = {Galaxies: abundances, Galaxies: evolution, Galaxies: fundamental parameters, Galaxies: general, Surveys}
}

@article{Bujakiewicz-Koronska,
    title = {{The principle of minimum entropy production for diffusion and heat transfer in open systems.}},
    year = {2011},
    journal = {Czasopismo Techniczne},
    author = {Bujakiewicz-Koronska, Renata and Koronski, Jan},
    number = {22},
    pages = {23--26},
    volume = {122},
    url = {http://suw.biblos.pk.edu.pl/resources/i5/i9/i8/i5/r5985/BujakiewiczKoronskaR_PrincipleMinimum.pdf}
}

@article{Phillips1987,
    title = {{The relation between temperature and growth of bacteria in dairy products}},
    year = {1987},
    journal = {Food Microbiology},
    author = {Phillips, J. D. and Griffiths, M. W.},
    doi = {10.1016/0740-0020(87)90033-5},
    issn = {10959998}
}

@article{Alberty1953,
    title = {{The Relationship between Michaelis Constants, Maximum Velocities and the Equilibrium Constant for an Enzyme-catalyzed Reaction}},
    year = {1953},
    journal = {Journal of the American Chemical Society},
    author = {Alberty, Robert A.},
    doi = {10.1021/ja01104a045},
    issn = {15205126}
}

@incollection{Pawar2015,
    title = {{The Role of Body Size Variation in Community Assembly}},
    year = {2015},
    booktitle = {Advances in Ecological Research},
    author = {Pawar, Samraat},
    doi = {10.1016/bs.aecr.2015.02.003},
    issn = {00652504},
    keywords = {Assembly, Body size, Community, Consumer-resource dynamics, Consumption rate, Ecological trait, Food web, Metabolism, Size-ratio, Stability}
}

@misc{Levins1966,
    title = {{The strategy of model building in population biology}},
    year = {1966},
    booktitle = {American Naturalist},
    author = {Levins, Richard},
    isbn = {0003-0996},
    doi = {10.2307/27836590},
    issn = {00030996},
    pmid = {23594555},
    keywords = {model, population, strategy}
}

@misc{Levins1966a,
    title = {{The strategy of model building in population biology}},
    year = {1966},
    booktitle = {American Naturalist},
    author = {Levins, Richard},
    isbn = {0003-0996},
    doi = {10.2307/27836590},
    issn = {00030996},
    pmid = {23594555},
    keywords = {model, population, strategy}
}

@article{Wilson2019,
    title = {{The super-donor phenomenon in fecal microbiota transplantation}},
    year = {2019},
    journal = {Frontiers in Cellular and Infection Microbiology},
    author = {Wilson, Brooke C. and Vatanen, Tommi and Cutfield, Wayne S. and O'Sullivan, Justin M.},
    number = {2},
    pages = {doi: 10.3389/fcimb.2019.00002},
    volume = {9},
    doi = {10.3389/fcimb.2019.00002},
    issn = {22352988},
    pmid = {30719428},
    keywords = {Clostridium difficile infection (CDI), Fecal microbiota transplantation (FMT), Inflammatory bowel disease (IBD), Microbial dysbiosis, Super-donor}
}

@article{Jin2007,
    title = {{The thermodynamics and kinetics of microbial metabolism}},
    year = {2007},
    journal = {American Journal of Science},
    author = {Jin, Qusheng and Bethke, Craig M.},
    doi = {10.2475/04.2007.01},
    issn = {00029599}
}

@incollection{Wigner1995,
    title = {{The Unreasonable Effectiveness of Mathematics in the Natural Sciences}},
    year = {1995},
    booktitle = {Philosophical Reflections and Syntheses},
    author = {Wigner, E. P.},
    doi = {10.1007/978-3-642-78374-6{\_}41}
}

@article{Kewley2001,
    title = {{Theoretical Modeling of Starburst Galaxies}},
    year = {2001},
    journal = {The Astrophysical Journal},
    author = {Kewley, L J and Dopita, M A and Sutherland, R S and Heisler, C A and Trevena, J},
    number = {1},
    month = {7},
    pages = {121--140},
    volume = {556},
    publisher = {{\{}IOP{\}} Publishing},
    doi = {10.1086/321545}
}

@article{Krenek2011,
    title = {{Thermal performance curves of Paramecium caudatum: A model selection approach}},
    year = {2011},
    journal = {European Journal of Protistology},
    author = {Krenek, Sascha and Berendonk, Thomas U. and Petzoldt, Thomas},
    doi = {10.1016/j.ejop.2010.12.001},
    issn = {09324739},
    keywords = {Ciliate, Ecophysiological characteristics, Non-linear models, Paramecium, Population growth rate, Temperature}
}

@article{Ederer2007,
    title = {{Thermodynamically feasible kinetic models of reaction networks}},
    year = {2007},
    journal = {Biophysical Journal},
    author = {Ederer, Michael and Gilles, Ernst Dieter},
    doi = {10.1529/biophysj.106.094094},
    issn = {00063495}
}

@misc{Kim2016,
    title = {{Three common misuses of P values}},
    year = {2016},
    booktitle = {Dental Hypotheses},
    author = {Kim, Jeehyoung and Bang, Heejung},
    doi = {10.4103/2155-8213.190481},
    issn = {21558213}
}

@article{Gralka2020,
    title = {{Trophic Interactions and the Drivers of Microbial Community Assembly}},
    year = {2020},
    journal = {Current Biology},
    author = {Gralka, Matti and Szabo, Rachel and Stocker, Roman and Cordero, Otto X.},
    number = {19},
    pages = {R1176-R1188},
    volume = {30},
    publisher = {The Authors},
    url = {https://doi.org/10.1016/j.cub.2020.08.007},
    doi = {10.1016/j.cub.2020.08.007},
    issn = {18790445},
    pmid = {33022263}
}

@article{Arrhenius1889,
    title = {{{\"{U}}ber die Reaktionsgeschwindigkeit bei der Inversion von Rohrzucker durch S{\"{a}}uren}},
    year = {1889},
    journal = {Zeitschrift f{\"{u}}r Physikalische Chemie},
    author = {Arrhenius, Svante},
    url = {https://sci-hub.tw/10.1515/zpch-1889-0116},
    doi = {10.1515/zpch-1889-0416},
    issn = {0942-9352}
}

@book{Geris2016,
    title = {{Uncertainty in Biology: A Computational Modeling Approach}},
    year = {2016},
    booktitle = {Studies in Mechanobiology, Tissue Engineering and Biomaterials},
    author = {Geris, Liesbet and Gomez-Cabrero, David},
    pages = {471},
    volume = {17},
    url = {http://link.springer.com/10.1007/978-3-319-21296-8},
    isbn = {978-3-319-21295-1},
    doi = {10.1007/978-3-319-21296-8}
}

@article{Vila2019,
    title = {{Uncovering the rules of microbial community invasions}},
    year = {2019},
    journal = {Nature Ecology and Evolution},
    author = {Vila, Jean C.C. and Jones, Matt L. and Patel, Matishalin and Bell, Tom and Rosindell, James},
    number = {8},
    pages = {1162--1171},
    volume = {3},
    doi = {10.1038/s41559-019-0952-9},
    issn = {2397334X},
    pmid = {31358951}
}

@article{Vila2019b,
    title = {{Uncovering the rules of microbial community invasions}},
    year = {2019},
    journal = {Nature Ecology and Evolution},
    author = {Vila, Jean C.C. and Jones, Matt L. and Patel, Matishalin and Bell, Tom and Rosindell, James},
    doi = {10.1038/s41559-019-0952-9},
    issn = {2397334X},
    pmid = {31358951}
}

@article{Ratkowsky2005,
    title = {{Unifying temperature effects on the growth rate of bacteria and the stability of globular proteins}},
    year = {2005},
    journal = {Journal of Theoretical Biology},
    author = {Ratkowsky, David A. and Olley, June and Ross, Tom},
    url = {https://sci-hub.tw/10.1016/j.jtbi.2004.10.016},
    doi = {10.1016/j.jtbi.2004.10.016},
    issn = {00225193},
    keywords = {"Thermodynamic" rate model, Bacterial growth, Enzyme denaturation, Heat capacity change, Normal physiological range}
}

@article{Kontopoulos2018,
    title = {{Use and misuse of temperature normalisation in meta-analyses of thermal responses of biological traits}},
    year = {2018},
    journal = {PeerJ},
    author = {Kontopoulos, Dimitrios Georgios and Garc{\'{i}}a-Carreras, Bernardo and Sal, Sofía and Smith, Thomas P. and Pawar, Samraat},
    doi = {10.7717/peerj.4363},
    issn = {21678359},
    keywords = {Physiology, Sharpe-Schoolfield, Temperature, Thermal response}
}

@article{Vass2021,
    title = {{Warming mediates the resistance of aquatic bacteria to invasion during community coalescence}},
    year = {2021},
    journal = {Molecular Ecology},
    author = {Vass, Máté and Sz{\'{e}}kely, Anna J. and Lindstr{\"{o}}m, Eva S. and Osman, Omneya A. and Langenheder, Silke},
    doi = {10.1111/mec.15800},
    issn = {1365294X},
    keywords = {dispersal, immigration, invasion, mixing, warming}
}

@article{ROTH1962,
    title = {{WHEATON RB: Continuity of psychrophilic and mesophilic growth characteristics in the genus Arthrobacter.}},
    year = {1962},
    journal = {Journal of bacteriology},
    author = {ROTH, N G},
    doi = {10.1128/jb.83.3.551-555.1962},
    issn = {0021-9193},
    pmid = {14494403}
}

@article{Buchanan1997,
    title = {{When is simple good enough: A comparison of the Gompertz, Baranyi, and three-phase linear models for fitting bacterial growth curves}},
    year = {1997},
    journal = {Food Microbiology},
    author = {Buchanan, R. L. and Whiting, R. C. and Damert, W. C.},
    doi = {10.1006/fmic.1997.0125},
    issn = {07400020}
}

@article{Kewley2003,
    title = {{[{\{}OII{\}}] as a SFR indicator and the Cosmic Star Formation History}},
    year = {2003},
    journal = {American Astronomical Society Meeting Abstracts},
    author = {{Kewley} and J., L and Geller, M J and Jansen, R A}
}

@article{S,
    title = {{{\{}THE{\}} {\{}ELEVENTH{\}} {\{}AND{\}} {\{}TWELFTH{\}} {\{}DATA{\}} {\{}RELEASES{\}} {\{}OF{\}} {\{}THE{\}} {\{}SLOAN{\}} {\{}DIGITAL{\}} {\{}SKY{\}} {\{}SURVEY{\}}: {\{}FINAL{\}} {\{}DATA{\}} {\{}FROM{\}} {\{}SDSS{\}}-{\{}III{\}}}},
    year = {2015},
    journal = {The Astrophysical Journal Supplement Series},
    author = {Alam, Shadab and Albareti, Franco D and Prieto, Carlos Allende and Anders, F and Anderson, Scott F and Anderton, Timothy and H., Brett and {others}},
    number = {1},
    month = {7},
    pages = {12},
    volume = {219},
    publisher = {{\{}IOP{\}} Publishing},
    doi = {10.1088/0067-0049/219/1/12}
}

@article{Grijspeerdt1999EstimatingGrowth,
    title = {{Estimating the parameters of the Baranyi model for bacterial growth}},
    year = {1999},
    journal = {Food Microbiology},
    author = {Grijspeerdt, K. and Vanrolleghem, P.},
    doi = {10.1006/fmic.1999.0285},
    issn = {07400020}
}

@article{2016HierarchicalHttp://www.jsto,
    title = {{Hierarchical Organization of Modularity in Metabolic Networks Author ( s ): E . Ravasz , A . L . Somera , D . A . Mongru , Z . N . Oltvai and A . -L . Barab{\'{a}}si Published by : American Association for the Advancement of Science Stable URL : http://www.jsto}},
    year = {2016},
    number = {5586},
    pages = {1551--1555},
    volume = {297}
}

@misc{JScihub.Bban.Top,
    title = {{J @ Scihub.Bban.Top}},
    url = {http://scihub.bban.top/10.1111/j.1471-0528.1959.tb01127.x}
}

@article{2009MathematicalPhysiology,
    title = {{Mathematical physiology: v.1: Cellular physiology}},
    year = {2009},
    journal = {Choice Reviews Online},
    doi = {10.5860/choice.46-5592},
    issn = {0009-4978}
}

@article{Lubke1996Post-miningAfrica,
    title = {{Post-mining rehabilitation of coastal sand dunes in Zululand South Africa}},
    year = {1996},
    journal = {Landscape and Urban Planning},
    author = {Lubke, R.A. and Avis, A.M. and Moll, J.B.},
    number = {3-4},
    month = {5},
    pages = {335--345},
    volume = {34},
    publisher = {Elsevier},
    url = {https://www.sciencedirect.com/science/article/pii/0169204695002278},
    doi = {10.1016/0169-2046(95)00227-8},
    issn = {0169-2046}
}

@article{Gibson1988PredictingTemperature,
    title = {{Predicting microbial growth: growth responses of salmonellae in a laboratory medium as affected by pH, sodium chloride and storage temperature}},
    year = {1988},
    journal = {International Journal of Food Microbiology},
    author = {Gibson, Angela M. and Bratchell, N. and Roberts, T. A.},
    doi = {10.1016/0168-1605(88)90051-7},
    issn = {01681605},
    keywords = {Growth curves, Predictive modelling, Salmonellae, Sodium chloride, Temperature, pH}
}

@article{Geeraerd2000StructuralTreatment,
    title = {{Structural model requirements to describe microbial inactivation during a mild heat treatment}},
    year = {2000},
    journal = {International Journal of Food Microbiology},
    author = {Geeraerd, A. H. and Herremans, C. H. and Van Impe, J. F.},
    doi = {10.1016/S0168-1605(00)00362-7},
    issn = {01681605},
    pmid = {11020040},
    keywords = {Microbial inactivation, Mild thermal treatment, Model analysis, Pasteurisation processes, Predictive microbiology, Primary modelling}
}

@article{Crameri2020TheCommunication,
    title = {{The misuse of colour in science communication}},
    year = {2020},
    journal = {Nature Communications},
    author = {Crameri, Fabio and Shephard, Grace E and Heron, Philip J},
    number = {V},
    pages = {1--10},
    publisher = {Springer US},
    url = {http://dx.doi.org/10.1038/s41467-020-19160-7},
    doi = {10.1038/s41467-020-19160-7},
    issn = {2041-1723}
}

@article{Bhaduri1991ThermalSlurry,
    title = {{Thermal destruction ofListeria monocytogenes in liver sausage slurry}},
    year = {1991},
    journal = {Food Microbiology},
    author = {Bhaduri, Saumya and Smith, Phillip W. and Palumbo, Samuel A. and Turner-Jones, Carolyn O. and Smith, James L. and Marmer, Benne S. and Buchanan, Robert L. and Zaika, Laura L. and Williams, Aaron C.},
    doi = {10.1016/0740-0020(91)90019-X},
    issn = {10959998}
}